%YAML 1.1
%TAG !u! tag:unity3d.com,2011:
--- !u!1 &1154214614069402725
GameObject:
  m_ObjectHideFlags: 0
  m_CorrespondingSourceObject: {fileID: 0}
  m_PrefabInstance: {fileID: 0}
  m_PrefabAsset: {fileID: 0}
  serializedVersion: 6
  m_Component:
  - component: {fileID: 1154214614069402726}
  m_Layer: 0
  m_Name: End
  m_TagString: Untagged
  m_Icon: {fileID: 0}
  m_NavMeshLayer: 0
  m_StaticEditorFlags: 0
  m_IsActive: 1
--- !u!4 &1154214614069402726
Transform:
  m_ObjectHideFlags: 0
  m_CorrespondingSourceObject: {fileID: 0}
  m_PrefabInstance: {fileID: 0}
  m_PrefabAsset: {fileID: 0}
  m_GameObject: {fileID: 1154214614069402725}
  m_LocalRotation: {x: 0, y: 0, z: 0, w: 1}
  m_LocalPosition: {x: 0.5, y: 0, z: 0}
  m_LocalScale: {x: 1, y: 1, z: 1}
  m_Children: []
  m_Father: {fileID: 6771728480420678545}
  m_RootOrder: 0
  m_LocalEulerAnglesHint: {x: 0, y: 0, z: 0}
--- !u!1 &1154214615982117803
GameObject:
  m_ObjectHideFlags: 0
  m_CorrespondingSourceObject: {fileID: 0}
  m_PrefabInstance: {fileID: 0}
  m_PrefabAsset: {fileID: 0}
  serializedVersion: 6
  m_Component:
  - component: {fileID: 1154214615982117796}
  - component: {fileID: 1154214615982117797}
  - component: {fileID: 3235674990735635790}
  m_Layer: 0
  m_Name: EndlessModePartFloorObstacle7
  m_TagString: Untagged
  m_Icon: {fileID: 0}
  m_NavMeshLayer: 0
  m_StaticEditorFlags: 0
  m_IsActive: 1
--- !u!4 &1154214615982117796
Transform:
  m_ObjectHideFlags: 0
  m_CorrespondingSourceObject: {fileID: 0}
  m_PrefabInstance: {fileID: 0}
  m_PrefabAsset: {fileID: 0}
  m_GameObject: {fileID: 1154214615982117803}
  m_LocalRotation: {x: 0, y: 0, z: 0, w: 1}
  m_LocalPosition: {x: 0.25, y: -0.14, z: 0}
  m_LocalScale: {x: 1, y: 1, z: 1}
  m_Children:
  - {fileID: 2023514057885341219}
  - {fileID: 6771728480420678545}
  - {fileID: 3969652760837767354}
  - {fileID: 3729728019212609960}
  - {fileID: 8154323838325268970}
  - {fileID: 1237412024625920030}
  m_Father: {fileID: 0}
  m_RootOrder: 0
  m_LocalEulerAnglesHint: {x: 0, y: 0, z: 0}
--- !u!114 &1154214615982117797
MonoBehaviour:
  m_ObjectHideFlags: 0
  m_CorrespondingSourceObject: {fileID: 0}
  m_PrefabInstance: {fileID: 0}
  m_PrefabAsset: {fileID: 0}
  m_GameObject: {fileID: 1154214615982117803}
  m_Enabled: 1
  m_EditorHideFlags: 0
  m_Script: {fileID: 11500000, guid: adb48aba0f7127444849e1582573b152, type: 3}
  m_Name: 
  m_EditorClassIdentifier: 
  EndOfPartTransforn: {fileID: 8856769675490472897}
  SafeStartTransform: {fileID: 1237412024625920030}
  ColliderMergerComponent: {fileID: 3463930812819181431}
--- !u!114 &3235674990735635790
MonoBehaviour:
  m_ObjectHideFlags: 0
  m_CorrespondingSourceObject: {fileID: 0}
  m_PrefabInstance: {fileID: 0}
  m_PrefabAsset: {fileID: 0}
  m_GameObject: {fileID: 1154214615982117803}
  m_Enabled: 1
  m_EditorHideFlags: 0
  m_Script: {fileID: 11500000, guid: f352371a9bb3c2441abd4c188adca1c7, type: 3}
  m_Name: 
  m_EditorClassIdentifier: 
  Poolable: 30
--- !u!1 &2579605320645153370
GameObject:
  m_ObjectHideFlags: 0
  m_CorrespondingSourceObject: {fileID: 0}
  m_PrefabInstance: {fileID: 0}
  m_PrefabAsset: {fileID: 0}
  serializedVersion: 6
  m_Component:
  - component: {fileID: 2577041156365382941}
  m_Layer: 0
  m_Name: End
  m_TagString: Untagged
  m_Icon: {fileID: 0}
  m_NavMeshLayer: 0
  m_StaticEditorFlags: 0
  m_IsActive: 1
--- !u!4 &2577041156365382941
Transform:
  m_ObjectHideFlags: 0
  m_CorrespondingSourceObject: {fileID: 0}
  m_PrefabInstance: {fileID: 0}
  m_PrefabAsset: {fileID: 0}
  m_GameObject: {fileID: 2579605320645153370}
  m_LocalRotation: {x: 0, y: 0, z: 0, w: 1}
  m_LocalPosition: {x: 0.5, y: 0, z: 0}
  m_LocalScale: {x: 1, y: 1, z: 1}
  m_Children: []
  m_Father: {fileID: 3729728019212609960}
  m_RootOrder: 0
  m_LocalEulerAnglesHint: {x: 0, y: 0, z: 0}
--- !u!114 &3463930812819181431
MonoBehaviour:
  m_ObjectHideFlags: 0
  m_CorrespondingSourceObject: {fileID: 0}
  m_PrefabInstance: {fileID: 0}
  m_PrefabAsset: {fileID: 0}
  m_GameObject: {fileID: 6771728480420678549}
  m_Enabled: 1
  m_EditorHideFlags: 0
  m_Script: {fileID: 11500000, guid: 37da6eef6db5c39439413ff34575679f, type: 3}
  m_Name: 
  m_EditorClassIdentifier: 
  _thisBoxCollider: {fileID: 6771728480420678548}
  _layerMask:
    serializedVersion: 2
    m_Bits: 1
--- !u!1 &7844425800186182361
GameObject:
  m_ObjectHideFlags: 0
  m_CorrespondingSourceObject: {fileID: 0}
  m_PrefabInstance: {fileID: 0}
  m_PrefabAsset: {fileID: 0}
  serializedVersion: 6
  m_Component:
  - component: {fileID: 1237412024625920030}
  m_Layer: 0
  m_Name: SaveSpawn
  m_TagString: Untagged
  m_Icon: {fileID: 0}
  m_NavMeshLayer: 0
  m_StaticEditorFlags: 0
  m_IsActive: 1
--- !u!4 &1237412024625920030
Transform:
  m_ObjectHideFlags: 0
  m_CorrespondingSourceObject: {fileID: 0}
  m_PrefabInstance: {fileID: 0}
  m_PrefabAsset: {fileID: 0}
  m_GameObject: {fileID: 7844425800186182361}
  m_LocalRotation: {x: -0, y: -0, z: -0, w: 1}
  m_LocalPosition: {x: 15.41, y: 1, z: 0}
  m_LocalScale: {x: 1, y: 1, z: 1}
  m_Children: []
  m_Father: {fileID: 1154214615982117796}
  m_RootOrder: 5
  m_LocalEulerAnglesHint: {x: 0, y: 0, z: 0}
--- !u!1 &8856769675490472898
GameObject:
  m_ObjectHideFlags: 0
  m_CorrespondingSourceObject: {fileID: 0}
  m_PrefabInstance: {fileID: 0}
  m_PrefabAsset: {fileID: 0}
  serializedVersion: 6
  m_Component:
  - component: {fileID: 8856769675490472897}
  m_Layer: 0
  m_Name: End
  m_TagString: Untagged
  m_Icon: {fileID: 0}
  m_NavMeshLayer: 0
  m_StaticEditorFlags: 0
  m_IsActive: 1
--- !u!4 &8856769675490472897
Transform:
  m_ObjectHideFlags: 0
  m_CorrespondingSourceObject: {fileID: 0}
  m_PrefabInstance: {fileID: 0}
  m_PrefabAsset: {fileID: 0}
  m_GameObject: {fileID: 8856769675490472898}
  m_LocalRotation: {x: 0, y: 0, z: 0, w: 1}
  m_LocalPosition: {x: 0.5, y: 0, z: 0}
  m_LocalScale: {x: 1, y: 1, z: 1}
  m_Children: []
  m_Father: {fileID: 3969652760837767354}
  m_RootOrder: 0
  m_LocalEulerAnglesHint: {x: 0, y: 0, z: 0}
--- !u!1001 &1154214614439288412
PrefabInstance:
  m_ObjectHideFlags: 0
  serializedVersion: 2
  m_Modification:
    m_TransformParent: {fileID: 1154214615982117796}
    m_Modifications:
    - target: {fileID: 5620100080543012296, guid: e75ffcfad74f1d743aa076dc9a406ecc,
        type: 3}
      propertyPath: m_Size.x
      value: 1.03
      objectReference: {fileID: 0}
    - target: {fileID: 5620100080543012296, guid: e75ffcfad74f1d743aa076dc9a406ecc,
        type: 3}
      propertyPath: m_Center.x
      value: -0.01
      objectReference: {fileID: 0}
    - target: {fileID: 5620100080543012297, guid: e75ffcfad74f1d743aa076dc9a406ecc,
        type: 3}
      propertyPath: m_Name
      value: Floor (1)
      objectReference: {fileID: 0}
    - target: {fileID: 5620100080543012299, guid: e75ffcfad74f1d743aa076dc9a406ecc,
        type: 3}
      propertyPath: m_Materials.Array.data[0]
      value: 
      objectReference: {fileID: 2100000, guid: 4877c316b94c3a949ae024a254ea6d6e, type: 2}
    - target: {fileID: 5620100080543012301, guid: e75ffcfad74f1d743aa076dc9a406ecc,
        type: 3}
      propertyPath: m_RootOrder
      value: 1
      objectReference: {fileID: 0}
    - target: {fileID: 5620100080543012301, guid: e75ffcfad74f1d743aa076dc9a406ecc,
        type: 3}
      propertyPath: m_LocalScale.x
      value: 6.2798
      objectReference: {fileID: 0}
    - target: {fileID: 5620100080543012301, guid: e75ffcfad74f1d743aa076dc9a406ecc,
        type: 3}
      propertyPath: m_LocalPosition.x
      value: 3.1399
      objectReference: {fileID: 0}
    - target: {fileID: 5620100080543012301, guid: e75ffcfad74f1d743aa076dc9a406ecc,
        type: 3}
      propertyPath: m_LocalPosition.y
      value: 0
      objectReference: {fileID: 0}
    - target: {fileID: 5620100080543012301, guid: e75ffcfad74f1d743aa076dc9a406ecc,
        type: 3}
      propertyPath: m_LocalPosition.z
      value: 0
      objectReference: {fileID: 0}
    - target: {fileID: 5620100080543012301, guid: e75ffcfad74f1d743aa076dc9a406ecc,
        type: 3}
      propertyPath: m_LocalRotation.w
      value: 1
      objectReference: {fileID: 0}
    - target: {fileID: 5620100080543012301, guid: e75ffcfad74f1d743aa076dc9a406ecc,
        type: 3}
      propertyPath: m_LocalRotation.x
      value: -0
      objectReference: {fileID: 0}
    - target: {fileID: 5620100080543012301, guid: e75ffcfad74f1d743aa076dc9a406ecc,
        type: 3}
      propertyPath: m_LocalRotation.y
      value: -0
      objectReference: {fileID: 0}
    - target: {fileID: 5620100080543012301, guid: e75ffcfad74f1d743aa076dc9a406ecc,
        type: 3}
      propertyPath: m_LocalRotation.z
      value: -0
      objectReference: {fileID: 0}
    - target: {fileID: 5620100080543012301, guid: e75ffcfad74f1d743aa076dc9a406ecc,
        type: 3}
      propertyPath: m_LocalEulerAnglesHint.x
      value: 0
      objectReference: {fileID: 0}
    - target: {fileID: 5620100080543012301, guid: e75ffcfad74f1d743aa076dc9a406ecc,
        type: 3}
      propertyPath: m_LocalEulerAnglesHint.y
      value: 0
      objectReference: {fileID: 0}
    - target: {fileID: 5620100080543012301, guid: e75ffcfad74f1d743aa076dc9a406ecc,
        type: 3}
      propertyPath: m_LocalEulerAnglesHint.z
      value: 0
      objectReference: {fileID: 0}
    m_RemovedComponents: []
  m_SourcePrefab: {fileID: 100100000, guid: e75ffcfad74f1d743aa076dc9a406ecc, type: 3}
--- !u!1 &6771728480420678549 stripped
GameObject:
  m_CorrespondingSourceObject: {fileID: 5620100080543012297, guid: e75ffcfad74f1d743aa076dc9a406ecc,
    type: 3}
  m_PrefabInstance: {fileID: 1154214614439288412}
  m_PrefabAsset: {fileID: 0}
--- !u!4 &6771728480420678545 stripped
Transform:
  m_CorrespondingSourceObject: {fileID: 5620100080543012301, guid: e75ffcfad74f1d743aa076dc9a406ecc,
    type: 3}
  m_PrefabInstance: {fileID: 1154214614439288412}
  m_PrefabAsset: {fileID: 0}
--- !u!65 &6771728480420678548 stripped
BoxCollider:
  m_CorrespondingSourceObject: {fileID: 5620100080543012296, guid: e75ffcfad74f1d743aa076dc9a406ecc,
    type: 3}
  m_PrefabInstance: {fileID: 1154214614439288412}
  m_PrefabAsset: {fileID: 0}
--- !u!1001 &2359043020972932697
PrefabInstance:
  m_ObjectHideFlags: 0
  serializedVersion: 2
  m_Modification:
    m_TransformParent: {fileID: 1154214615982117796}
    m_Modifications:
    - target: {fileID: 5878599885704667059, guid: 14378868b06d6894a800f0822de518e9,
        type: 3}
      propertyPath: m_RootOrder
      value: 4
      objectReference: {fileID: 0}
    - target: {fileID: 5878599885704667059, guid: 14378868b06d6894a800f0822de518e9,
        type: 3}
      propertyPath: m_LocalScale.x
      value: 2.0244389
      objectReference: {fileID: 0}
    - target: {fileID: 5878599885704667059, guid: 14378868b06d6894a800f0822de518e9,
        type: 3}
      propertyPath: m_LocalScale.z
      value: 1.9845762
      objectReference: {fileID: 0}
    - target: {fileID: 5878599885704667059, guid: 14378868b06d6894a800f0822de518e9,
        type: 3}
      propertyPath: m_LocalPosition.x
      value: 12.802725
      objectReference: {fileID: 0}
    - target: {fileID: 5878599885704667059, guid: 14378868b06d6894a800f0822de518e9,
        type: 3}
      propertyPath: m_LocalPosition.y
      value: 0
      objectReference: {fileID: 0}
    - target: {fileID: 5878599885704667059, guid: 14378868b06d6894a800f0822de518e9,
        type: 3}
      propertyPath: m_LocalPosition.z
      value: -0.007711878
      objectReference: {fileID: 0}
    - target: {fileID: 5878599885704667059, guid: 14378868b06d6894a800f0822de518e9,
        type: 3}
      propertyPath: m_LocalRotation.w
      value: 1
      objectReference: {fileID: 0}
    - target: {fileID: 5878599885704667059, guid: 14378868b06d6894a800f0822de518e9,
        type: 3}
      propertyPath: m_LocalRotation.x
      value: -0
      objectReference: {fileID: 0}
    - target: {fileID: 5878599885704667059, guid: 14378868b06d6894a800f0822de518e9,
        type: 3}
      propertyPath: m_LocalRotation.y
      value: -0
      objectReference: {fileID: 0}
    - target: {fileID: 5878599885704667059, guid: 14378868b06d6894a800f0822de518e9,
        type: 3}
      propertyPath: m_LocalRotation.z
      value: -0
      objectReference: {fileID: 0}
    - target: {fileID: 5878599885704667059, guid: 14378868b06d6894a800f0822de518e9,
        type: 3}
      propertyPath: m_LocalEulerAnglesHint.x
      value: 0
      objectReference: {fileID: 0}
    - target: {fileID: 5878599885704667059, guid: 14378868b06d6894a800f0822de518e9,
        type: 3}
      propertyPath: m_LocalEulerAnglesHint.y
      value: 0
      objectReference: {fileID: 0}
    - target: {fileID: 5878599885704667059, guid: 14378868b06d6894a800f0822de518e9,
        type: 3}
      propertyPath: m_LocalEulerAnglesHint.z
      value: 0
      objectReference: {fileID: 0}
    - target: {fileID: 5878599885704667068, guid: 14378868b06d6894a800f0822de518e9,
        type: 3}
      propertyPath: m_Name
      value: Obstacle (2)
      objectReference: {fileID: 0}
    m_RemovedComponents: []
  m_SourcePrefab: {fileID: 100100000, guid: 14378868b06d6894a800f0822de518e9, type: 3}
--- !u!4 &8154323838325268970 stripped
Transform:
  m_CorrespondingSourceObject: {fileID: 5878599885704667059, guid: 14378868b06d6894a800f0822de518e9,
    type: 3}
  m_PrefabInstance: {fileID: 2359043020972932697}
  m_PrefabAsset: {fileID: 0}
--- !u!1001 &5584476885193574800
PrefabInstance:
  m_ObjectHideFlags: 0
  serializedVersion: 2
  m_Modification:
    m_TransformParent: {fileID: 1154214615982117796}
    m_Modifications:
    - target: {fileID: 5878599885704667059, guid: 14378868b06d6894a800f0822de518e9,
        type: 3}
      propertyPath: m_RootOrder
      value: 0
      objectReference: {fileID: 0}
    - target: {fileID: 5878599885704667059, guid: 14378868b06d6894a800f0822de518e9,
        type: 3}
      propertyPath: m_LocalScale.x
      value: 2.0244389
      objectReference: {fileID: 0}
    - target: {fileID: 5878599885704667059, guid: 14378868b06d6894a800f0822de518e9,
        type: 3}
      propertyPath: m_LocalScale.z
      value: 1.9845762
      objectReference: {fileID: 0}
    - target: {fileID: 5878599885704667059, guid: 14378868b06d6894a800f0822de518e9,
        type: 3}
      propertyPath: m_LocalPosition.x
      value: 7.291644
      objectReference: {fileID: 0}
    - target: {fileID: 5878599885704667059, guid: 14378868b06d6894a800f0822de518e9,
        type: 3}
      propertyPath: m_LocalPosition.y
      value: 0
      objectReference: {fileID: 0}
    - target: {fileID: 5878599885704667059, guid: 14378868b06d6894a800f0822de518e9,
        type: 3}
      propertyPath: m_LocalPosition.z
      value: -0.007711878
      objectReference: {fileID: 0}
    - target: {fileID: 5878599885704667059, guid: 14378868b06d6894a800f0822de518e9,
        type: 3}
      propertyPath: m_LocalRotation.w
      value: 1
      objectReference: {fileID: 0}
    - target: {fileID: 5878599885704667059, guid: 14378868b06d6894a800f0822de518e9,
        type: 3}
      propertyPath: m_LocalRotation.x
      value: -0
      objectReference: {fileID: 0}
    - target: {fileID: 5878599885704667059, guid: 14378868b06d6894a800f0822de518e9,
        type: 3}
      propertyPath: m_LocalRotation.y
      value: -0
      objectReference: {fileID: 0}
    - target: {fileID: 5878599885704667059, guid: 14378868b06d6894a800f0822de518e9,
        type: 3}
      propertyPath: m_LocalRotation.z
      value: -0
      objectReference: {fileID: 0}
    - target: {fileID: 5878599885704667059, guid: 14378868b06d6894a800f0822de518e9,
        type: 3}
      propertyPath: m_LocalEulerAnglesHint.x
      value: 0
      objectReference: {fileID: 0}
    - target: {fileID: 5878599885704667059, guid: 14378868b06d6894a800f0822de518e9,
        type: 3}
      propertyPath: m_LocalEulerAnglesHint.y
      value: 0
      objectReference: {fileID: 0}
    - target: {fileID: 5878599885704667059, guid: 14378868b06d6894a800f0822de518e9,
        type: 3}
      propertyPath: m_LocalEulerAnglesHint.z
      value: 0
      objectReference: {fileID: 0}
    - target: {fileID: 5878599885704667068, guid: 14378868b06d6894a800f0822de518e9,
        type: 3}
      propertyPath: m_Name
      value: Obstacle (1)
      objectReference: {fileID: 0}
    m_RemovedComponents: []
  m_SourcePrefab: {fileID: 100100000, guid: 14378868b06d6894a800f0822de518e9, type: 3}
--- !u!4 &2023514057885341219 stripped
Transform:
  m_CorrespondingSourceObject: {fileID: 5878599885704667059, guid: 14378868b06d6894a800f0822de518e9,
    type: 3}
  m_PrefabInstance: {fileID: 5584476885193574800}
  m_PrefabAsset: {fileID: 0}
--- !u!1001 &8856769675632792951
PrefabInstance:
  m_ObjectHideFlags: 0
  serializedVersion: 2
  m_Modification:
    m_TransformParent: {fileID: 1154214615982117796}
    m_Modifications:
    - target: {fileID: 5620100080543012297, guid: e75ffcfad74f1d743aa076dc9a406ecc,
        type: 3}
      propertyPath: m_Name
      value: Floor (2)
      objectReference: {fileID: 0}
    - target: {fileID: 5620100080543012299, guid: e75ffcfad74f1d743aa076dc9a406ecc,
        type: 3}
      propertyPath: m_Materials.Array.data[0]
      value: 
      objectReference: {fileID: 2100000, guid: 4877c316b94c3a949ae024a254ea6d6e, type: 2}
    - target: {fileID: 5620100080543012301, guid: e75ffcfad74f1d743aa076dc9a406ecc,
        type: 3}
      propertyPath: m_RootOrder
      value: 2
      objectReference: {fileID: 0}
    - target: {fileID: 5620100080543012301, guid: e75ffcfad74f1d743aa076dc9a406ecc,
        type: 3}
      propertyPath: m_LocalScale.x
      value: 4.747247
      objectReference: {fileID: 0}
    - target: {fileID: 5620100080543012301, guid: e75ffcfad74f1d743aa076dc9a406ecc,
        type: 3}
      propertyPath: m_LocalPosition.x
      value: 16.188568
      objectReference: {fileID: 0}
    - target: {fileID: 5620100080543012301, guid: e75ffcfad74f1d743aa076dc9a406ecc,
        type: 3}
      propertyPath: m_LocalPosition.y
      value: 0
      objectReference: {fileID: 0}
    - target: {fileID: 5620100080543012301, guid: e75ffcfad74f1d743aa076dc9a406ecc,
        type: 3}
      propertyPath: m_LocalPosition.z
      value: 0
      objectReference: {fileID: 0}
    - target: {fileID: 5620100080543012301, guid: e75ffcfad74f1d743aa076dc9a406ecc,
        type: 3}
      propertyPath: m_LocalRotation.w
      value: 1
      objectReference: {fileID: 0}
    - target: {fileID: 5620100080543012301, guid: e75ffcfad74f1d743aa076dc9a406ecc,
        type: 3}
      propertyPath: m_LocalRotation.x
      value: -0
      objectReference: {fileID: 0}
    - target: {fileID: 5620100080543012301, guid: e75ffcfad74f1d743aa076dc9a406ecc,
        type: 3}
      propertyPath: m_LocalRotation.y
      value: -0
      objectReference: {fileID: 0}
    - target: {fileID: 5620100080543012301, guid: e75ffcfad74f1d743aa076dc9a406ecc,
        type: 3}
      propertyPath: m_LocalRotation.z
      value: -0
      objectReference: {fileID: 0}
    - target: {fileID: 5620100080543012301, guid: e75ffcfad74f1d743aa076dc9a406ecc,
        type: 3}
      propertyPath: m_LocalEulerAnglesHint.x
      value: 0
      objectReference: {fileID: 0}
    - target: {fileID: 5620100080543012301, guid: e75ffcfad74f1d743aa076dc9a406ecc,
        type: 3}
      propertyPath: m_LocalEulerAnglesHint.y
      value: 0
      objectReference: {fileID: 0}
    - target: {fileID: 5620100080543012301, guid: e75ffcfad74f1d743aa076dc9a406ecc,
        type: 3}
      propertyPath: m_LocalEulerAnglesHint.z
      value: 0
      objectReference: {fileID: 0}
    m_RemovedComponents: []
  m_SourcePrefab: {fileID: 100100000, guid: e75ffcfad74f1d743aa076dc9a406ecc, type: 3}
--- !u!4 &3969652760837767354 stripped
Transform:
  m_CorrespondingSourceObject: {fileID: 5620100080543012301, guid: e75ffcfad74f1d743aa076dc9a406ecc,
    type: 3}
  m_PrefabInstance: {fileID: 8856769675632792951}
  m_PrefabAsset: {fileID: 0}
--- !u!1001 &9096212282216823909
PrefabInstance:
  m_ObjectHideFlags: 0
  serializedVersion: 2
  m_Modification:
    m_TransformParent: {fileID: 1154214615982117796}
    m_Modifications:
    - target: {fileID: 5620100080543012297, guid: e75ffcfad74f1d743aa076dc9a406ecc,
        type: 3}
      propertyPath: m_Name
      value: Floor (3)
      objectReference: {fileID: 0}
    - target: {fileID: 5620100080543012297, guid: e75ffcfad74f1d743aa076dc9a406ecc,
        type: 3}
      propertyPath: m_IsActive
      value: 1
      objectReference: {fileID: 0}
    - target: {fileID: 5620100080543012299, guid: e75ffcfad74f1d743aa076dc9a406ecc,
        type: 3}
      propertyPath: m_Materials.Array.data[0]
      value: 
      objectReference: {fileID: 2100000, guid: 4877c316b94c3a949ae024a254ea6d6e, type: 2}
    - target: {fileID: 5620100080543012301, guid: e75ffcfad74f1d743aa076dc9a406ecc,
        type: 3}
      propertyPath: m_RootOrder
      value: 3
      objectReference: {fileID: 0}
    - target: {fileID: 5620100080543012301, guid: e75ffcfad74f1d743aa076dc9a406ecc,
        type: 3}
      propertyPath: m_LocalScale.x
      value: 3.486608
      objectReference: {fileID: 0}
    - target: {fileID: 5620100080543012301, guid: e75ffcfad74f1d743aa076dc9a406ecc,
        type: 3}
      propertyPath: m_LocalPosition.x
      value: 10.0472
      objectReference: {fileID: 0}
    - target: {fileID: 5620100080543012301, guid: e75ffcfad74f1d743aa076dc9a406ecc,
        type: 3}
      propertyPath: m_LocalPosition.y
      value: 0
      objectReference: {fileID: 0}
    - target: {fileID: 5620100080543012301, guid: e75ffcfad74f1d743aa076dc9a406ecc,
        type: 3}
      propertyPath: m_LocalPosition.z
      value: 0
      objectReference: {fileID: 0}
    - target: {fileID: 5620100080543012301, guid: e75ffcfad74f1d743aa076dc9a406ecc,
        type: 3}
      propertyPath: m_LocalRotation.w
      value: 1
      objectReference: {fileID: 0}
    - target: {fileID: 5620100080543012301, guid: e75ffcfad74f1d743aa076dc9a406ecc,
        type: 3}
      propertyPath: m_LocalRotation.x
      value: -0
      objectReference: {fileID: 0}
    - target: {fileID: 5620100080543012301, guid: e75ffcfad74f1d743aa076dc9a406ecc,
        type: 3}
      propertyPath: m_LocalRotation.y
      value: -0
      objectReference: {fileID: 0}
    - target: {fileID: 5620100080543012301, guid: e75ffcfad74f1d743aa076dc9a406ecc,
        type: 3}
      propertyPath: m_LocalRotation.z
      value: -0
      objectReference: {fileID: 0}
    - target: {fileID: 5620100080543012301, guid: e75ffcfad74f1d743aa076dc9a406ecc,
        type: 3}
      propertyPath: m_LocalEulerAnglesHint.x
      value: 0
      objectReference: {fileID: 0}
    - target: {fileID: 5620100080543012301, guid: e75ffcfad74f1d743aa076dc9a406ecc,
        type: 3}
      propertyPath: m_LocalEulerAnglesHint.y
      value: 0
      objectReference: {fileID: 0}
    - target: {fileID: 5620100080543012301, guid: e75ffcfad74f1d743aa076dc9a406ecc,
        type: 3}
      propertyPath: m_LocalEulerAnglesHint.z
      value: 0
      objectReference: {fileID: 0}
    m_RemovedComponents: []
  m_SourcePrefab: {fileID: 100100000, guid: e75ffcfad74f1d743aa076dc9a406ecc, type: 3}
--- !u!4 &3729728019212609960 stripped
Transform:
  m_CorrespondingSourceObject: {fileID: 5620100080543012301, guid: e75ffcfad74f1d743aa076dc9a406ecc,
    type: 3}
  m_PrefabInstance: {fileID: 9096212282216823909}
  m_PrefabAsset: {fileID: 0}
