%YAML 1.1
%TAG !u! tag:unity3d.com,2011:
--- !u!1 &1031547862131058212
GameObject:
  m_ObjectHideFlags: 0
  m_CorrespondingSourceObject: {fileID: 0}
  m_PrefabInstance: {fileID: 0}
  m_PrefabAsset: {fileID: 0}
  serializedVersion: 6
  m_Component:
  - component: {fileID: 9077447628158641288}
  m_Layer: 0
  m_Name: SaveSpawn
  m_TagString: Untagged
  m_Icon: {fileID: 0}
  m_NavMeshLayer: 0
  m_StaticEditorFlags: 0
  m_IsActive: 1
--- !u!4 &9077447628158641288
Transform:
  m_ObjectHideFlags: 0
  m_CorrespondingSourceObject: {fileID: 0}
  m_PrefabInstance: {fileID: 0}
  m_PrefabAsset: {fileID: 0}
  m_GameObject: {fileID: 1031547862131058212}
  m_LocalRotation: {x: -0, y: -0, z: -0, w: 1}
  m_LocalPosition: {x: 6.73, y: 1, z: 0}
  m_LocalScale: {x: 1, y: 1, z: 1}
  m_Children: []
  m_Father: {fileID: 3706614166542349302}
  m_RootOrder: 6
  m_LocalEulerAnglesHint: {x: 0, y: 0, z: 0}
--- !u!1 &3706614166542349305
GameObject:
  m_ObjectHideFlags: 0
  m_CorrespondingSourceObject: {fileID: 0}
  m_PrefabInstance: {fileID: 0}
  m_PrefabAsset: {fileID: 0}
  serializedVersion: 6
  m_Component:
  - component: {fileID: 3706614166542349302}
  - component: {fileID: 3706614166542349303}
  - component: {fileID: 1122377773402019100}
  m_Layer: 0
  m_Name: EndlessModePartObstacle9
  m_TagString: Untagged
  m_Icon: {fileID: 0}
  m_NavMeshLayer: 0
  m_StaticEditorFlags: 0
  m_IsActive: 1
--- !u!4 &3706614166542349302
Transform:
  m_ObjectHideFlags: 0
  m_CorrespondingSourceObject: {fileID: 0}
  m_PrefabInstance: {fileID: 0}
  m_PrefabAsset: {fileID: 0}
  m_GameObject: {fileID: 3706614166542349305}
  m_LocalRotation: {x: 0, y: 0, z: 0, w: 1}
  m_LocalPosition: {x: 0.25, y: -0.14, z: 0}
  m_LocalScale: {x: 1, y: 1, z: 1}
  m_Children:
  - {fileID: 4566903671417321073}
  - {fileID: 1368716840415111002}
  - {fileID: 2712594547765418287}
  - {fileID: 3419527433328962374}
  - {fileID: 2002858489055266809}
  - {fileID: 9119246968875166659}
  - {fileID: 9077447628158641288}
  m_Father: {fileID: 0}
  m_RootOrder: 0
  m_LocalEulerAnglesHint: {x: 0, y: 0, z: 0}
--- !u!114 &3706614166542349303
MonoBehaviour:
  m_ObjectHideFlags: 0
  m_CorrespondingSourceObject: {fileID: 0}
  m_PrefabInstance: {fileID: 0}
  m_PrefabAsset: {fileID: 0}
  m_GameObject: {fileID: 3706614166542349305}
  m_Enabled: 1
  m_EditorHideFlags: 0
  m_Script: {fileID: 11500000, guid: adb48aba0f7127444849e1582573b152, type: 3}
  m_Name: 
  m_EditorClassIdentifier: 
  EndOfPartTransforn: {fileID: 3706614167313693748}
  SafeStartTransform: {fileID: 9077447628158641288}
  ColliderMergerComponent: {fileID: 2763958885377644227}
--- !u!114 &1122377773402019100
MonoBehaviour:
  m_ObjectHideFlags: 0
  m_CorrespondingSourceObject: {fileID: 0}
  m_PrefabInstance: {fileID: 0}
  m_PrefabAsset: {fileID: 0}
  m_GameObject: {fileID: 3706614166542349305}
  m_Enabled: 1
  m_EditorHideFlags: 0
  m_Script: {fileID: 11500000, guid: f352371a9bb3c2441abd4c188adca1c7, type: 3}
  m_Name: 
  m_EditorClassIdentifier: 
  Poolable: 22
--- !u!1 &3706614167313693751
GameObject:
  m_ObjectHideFlags: 0
  m_CorrespondingSourceObject: {fileID: 0}
  m_PrefabInstance: {fileID: 0}
  m_PrefabAsset: {fileID: 0}
  serializedVersion: 6
  m_Component:
  - component: {fileID: 3706614167313693748}
  m_Layer: 0
  m_Name: End
  m_TagString: Untagged
  m_Icon: {fileID: 0}
  m_NavMeshLayer: 0
  m_StaticEditorFlags: 0
  m_IsActive: 1
--- !u!4 &3706614167313693748
Transform:
  m_ObjectHideFlags: 0
  m_CorrespondingSourceObject: {fileID: 0}
  m_PrefabInstance: {fileID: 0}
  m_PrefabAsset: {fileID: 0}
  m_GameObject: {fileID: 3706614167313693751}
  m_LocalRotation: {x: 0, y: 0, z: 0, w: 1}
  m_LocalPosition: {x: 0.5, y: 0, z: 0}
  m_LocalScale: {x: 1, y: 1, z: 1}
  m_Children: []
  m_Father: {fileID: 9119246968875166659}
  m_RootOrder: 0
  m_LocalEulerAnglesHint: {x: 0, y: 0, z: 0}
--- !u!114 &2763958885377644227
MonoBehaviour:
  m_ObjectHideFlags: 0
  m_CorrespondingSourceObject: {fileID: 0}
  m_PrefabInstance: {fileID: 0}
  m_PrefabAsset: {fileID: 0}
  m_GameObject: {fileID: 9119246968875166663}
  m_Enabled: 1
  m_EditorHideFlags: 0
  m_Script: {fileID: 11500000, guid: 37da6eef6db5c39439413ff34575679f, type: 3}
  m_Name: 
  m_EditorClassIdentifier: 
  _thisBoxCollider: {fileID: 9119246968875166662}
  _layerMask:
    serializedVersion: 2
    m_Bits: 1
--- !u!1001 &3706614166878273038
PrefabInstance:
  m_ObjectHideFlags: 0
  serializedVersion: 2
  m_Modification:
    m_TransformParent: {fileID: 3706614166542349302}
    m_Modifications:
    - target: {fileID: 5620100080543012297, guid: e75ffcfad74f1d743aa076dc9a406ecc,
        type: 3}
      propertyPath: m_Name
      value: Floor (1)
      objectReference: {fileID: 0}
    - target: {fileID: 5620100080543012299, guid: e75ffcfad74f1d743aa076dc9a406ecc,
        type: 3}
      propertyPath: m_Materials.Array.data[0]
      value: 
      objectReference: {fileID: 2100000, guid: 4877c316b94c3a949ae024a254ea6d6e, type: 2}
    - target: {fileID: 5620100080543012301, guid: e75ffcfad74f1d743aa076dc9a406ecc,
        type: 3}
      propertyPath: m_RootOrder
      value: 5
      objectReference: {fileID: 0}
    - target: {fileID: 5620100080543012301, guid: e75ffcfad74f1d743aa076dc9a406ecc,
        type: 3}
      propertyPath: m_LocalScale.x
      value: 18.5
      objectReference: {fileID: 0}
    - target: {fileID: 5620100080543012301, guid: e75ffcfad74f1d743aa076dc9a406ecc,
        type: 3}
      propertyPath: m_LocalPosition.x
      value: 9.25
      objectReference: {fileID: 0}
    - target: {fileID: 5620100080543012301, guid: e75ffcfad74f1d743aa076dc9a406ecc,
        type: 3}
      propertyPath: m_LocalPosition.y
      value: 0
      objectReference: {fileID: 0}
    - target: {fileID: 5620100080543012301, guid: e75ffcfad74f1d743aa076dc9a406ecc,
        type: 3}
      propertyPath: m_LocalPosition.z
      value: 0
      objectReference: {fileID: 0}
    - target: {fileID: 5620100080543012301, guid: e75ffcfad74f1d743aa076dc9a406ecc,
        type: 3}
      propertyPath: m_LocalRotation.w
      value: 1
      objectReference: {fileID: 0}
    - target: {fileID: 5620100080543012301, guid: e75ffcfad74f1d743aa076dc9a406ecc,
        type: 3}
      propertyPath: m_LocalRotation.x
      value: -0
      objectReference: {fileID: 0}
    - target: {fileID: 5620100080543012301, guid: e75ffcfad74f1d743aa076dc9a406ecc,
        type: 3}
      propertyPath: m_LocalRotation.y
      value: -0
      objectReference: {fileID: 0}
    - target: {fileID: 5620100080543012301, guid: e75ffcfad74f1d743aa076dc9a406ecc,
        type: 3}
      propertyPath: m_LocalRotation.z
      value: -0
      objectReference: {fileID: 0}
    - target: {fileID: 5620100080543012301, guid: e75ffcfad74f1d743aa076dc9a406ecc,
        type: 3}
      propertyPath: m_LocalEulerAnglesHint.x
      value: 0
      objectReference: {fileID: 0}
    - target: {fileID: 5620100080543012301, guid: e75ffcfad74f1d743aa076dc9a406ecc,
        type: 3}
      propertyPath: m_LocalEulerAnglesHint.y
      value: 0
      objectReference: {fileID: 0}
    - target: {fileID: 5620100080543012301, guid: e75ffcfad74f1d743aa076dc9a406ecc,
        type: 3}
      propertyPath: m_LocalEulerAnglesHint.z
      value: 0
      objectReference: {fileID: 0}
    m_RemovedComponents: []
  m_SourcePrefab: {fileID: 100100000, guid: e75ffcfad74f1d743aa076dc9a406ecc, type: 3}
--- !u!1 &9119246968875166663 stripped
GameObject:
  m_CorrespondingSourceObject: {fileID: 5620100080543012297, guid: e75ffcfad74f1d743aa076dc9a406ecc,
    type: 3}
  m_PrefabInstance: {fileID: 3706614166878273038}
  m_PrefabAsset: {fileID: 0}
--- !u!4 &9119246968875166659 stripped
Transform:
  m_CorrespondingSourceObject: {fileID: 5620100080543012301, guid: e75ffcfad74f1d743aa076dc9a406ecc,
    type: 3}
  m_PrefabInstance: {fileID: 3706614166878273038}
  m_PrefabAsset: {fileID: 0}
--- !u!65 &9119246968875166662 stripped
BoxCollider:
  m_CorrespondingSourceObject: {fileID: 5620100080543012296, guid: e75ffcfad74f1d743aa076dc9a406ecc,
    type: 3}
  m_PrefabInstance: {fileID: 3706614166878273038}
  m_PrefabAsset: {fileID: 0}
--- !u!1001 &4857787256919668969
PrefabInstance:
  m_ObjectHideFlags: 0
  serializedVersion: 2
  m_Modification:
    m_TransformParent: {fileID: 3706614166542349302}
    m_Modifications:
    - target: {fileID: 5878599885704667059, guid: 14378868b06d6894a800f0822de518e9,
        type: 3}
      propertyPath: m_RootOrder
      value: 1
      objectReference: {fileID: 0}
    - target: {fileID: 5878599885704667059, guid: 14378868b06d6894a800f0822de518e9,
        type: 3}
      propertyPath: m_LocalScale.x
      value: 0.99888694
      objectReference: {fileID: 0}
    - target: {fileID: 5878599885704667059, guid: 14378868b06d6894a800f0822de518e9,
        type: 3}
      propertyPath: m_LocalScale.z
      value: 2
      objectReference: {fileID: 0}
    - target: {fileID: 5878599885704667059, guid: 14378868b06d6894a800f0822de518e9,
        type: 3}
      propertyPath: m_LocalPosition.x
      value: 3.7451334
      objectReference: {fileID: 0}
    - target: {fileID: 5878599885704667059, guid: 14378868b06d6894a800f0822de518e9,
        type: 3}
      propertyPath: m_LocalPosition.y
      value: 1
      objectReference: {fileID: 0}
    - target: {fileID: 5878599885704667059, guid: 14378868b06d6894a800f0822de518e9,
        type: 3}
      propertyPath: m_LocalPosition.z
      value: 0
      objectReference: {fileID: 0}
    - target: {fileID: 5878599885704667059, guid: 14378868b06d6894a800f0822de518e9,
        type: 3}
      propertyPath: m_LocalRotation.w
      value: 1
      objectReference: {fileID: 0}
    - target: {fileID: 5878599885704667059, guid: 14378868b06d6894a800f0822de518e9,
        type: 3}
      propertyPath: m_LocalRotation.x
      value: -0
      objectReference: {fileID: 0}
    - target: {fileID: 5878599885704667059, guid: 14378868b06d6894a800f0822de518e9,
        type: 3}
      propertyPath: m_LocalRotation.y
      value: -0
      objectReference: {fileID: 0}
    - target: {fileID: 5878599885704667059, guid: 14378868b06d6894a800f0822de518e9,
        type: 3}
      propertyPath: m_LocalRotation.z
      value: -0
      objectReference: {fileID: 0}
    - target: {fileID: 5878599885704667059, guid: 14378868b06d6894a800f0822de518e9,
        type: 3}
      propertyPath: m_LocalEulerAnglesHint.x
      value: 0
      objectReference: {fileID: 0}
    - target: {fileID: 5878599885704667059, guid: 14378868b06d6894a800f0822de518e9,
        type: 3}
      propertyPath: m_LocalEulerAnglesHint.y
      value: 0
      objectReference: {fileID: 0}
    - target: {fileID: 5878599885704667059, guid: 14378868b06d6894a800f0822de518e9,
        type: 3}
      propertyPath: m_LocalEulerAnglesHint.z
      value: 0
      objectReference: {fileID: 0}
    - target: {fileID: 5878599885704667068, guid: 14378868b06d6894a800f0822de518e9,
        type: 3}
      propertyPath: m_Name
      value: Obstacle (3)
      objectReference: {fileID: 0}
    m_RemovedComponents: []
  m_SourcePrefab: {fileID: 100100000, guid: 14378868b06d6894a800f0822de518e9, type: 3}
--- !u!4 &1368716840415111002 stripped
Transform:
  m_CorrespondingSourceObject: {fileID: 5878599885704667059, guid: 14378868b06d6894a800f0822de518e9,
    type: 3}
  m_PrefabInstance: {fileID: 4857787256919668969}
  m_PrefabAsset: {fileID: 0}
--- !u!1001 &5359123423204726858
PrefabInstance:
  m_ObjectHideFlags: 0
  serializedVersion: 2
  m_Modification:
    m_TransformParent: {fileID: 3706614166542349302}
    m_Modifications:
    - target: {fileID: 5878599885704667059, guid: 14378868b06d6894a800f0822de518e9,
        type: 3}
      propertyPath: m_RootOrder
      value: 4
      objectReference: {fileID: 0}
    - target: {fileID: 5878599885704667059, guid: 14378868b06d6894a800f0822de518e9,
        type: 3}
      propertyPath: m_LocalScale.x
      value: 0.99888694
      objectReference: {fileID: 0}
    - target: {fileID: 5878599885704667059, guid: 14378868b06d6894a800f0822de518e9,
        type: 3}
      propertyPath: m_LocalScale.z
      value: 2
      objectReference: {fileID: 0}
    - target: {fileID: 5878599885704667059, guid: 14378868b06d6894a800f0822de518e9,
        type: 3}
      propertyPath: m_LocalPosition.x
      value: 4.7440205
      objectReference: {fileID: 0}
    - target: {fileID: 5878599885704667059, guid: 14378868b06d6894a800f0822de518e9,
        type: 3}
      propertyPath: m_LocalPosition.y
      value: 1
      objectReference: {fileID: 0}
    - target: {fileID: 5878599885704667059, guid: 14378868b06d6894a800f0822de518e9,
        type: 3}
      propertyPath: m_LocalPosition.z
      value: 0
      objectReference: {fileID: 0}
    - target: {fileID: 5878599885704667059, guid: 14378868b06d6894a800f0822de518e9,
        type: 3}
      propertyPath: m_LocalRotation.w
      value: 1
      objectReference: {fileID: 0}
    - target: {fileID: 5878599885704667059, guid: 14378868b06d6894a800f0822de518e9,
        type: 3}
      propertyPath: m_LocalRotation.x
      value: -0
      objectReference: {fileID: 0}
    - target: {fileID: 5878599885704667059, guid: 14378868b06d6894a800f0822de518e9,
        type: 3}
      propertyPath: m_LocalRotation.y
      value: -0
      objectReference: {fileID: 0}
    - target: {fileID: 5878599885704667059, guid: 14378868b06d6894a800f0822de518e9,
        type: 3}
      propertyPath: m_LocalRotation.z
      value: -0
      objectReference: {fileID: 0}
    - target: {fileID: 5878599885704667059, guid: 14378868b06d6894a800f0822de518e9,
        type: 3}
      propertyPath: m_LocalEulerAnglesHint.x
      value: 0
      objectReference: {fileID: 0}
    - target: {fileID: 5878599885704667059, guid: 14378868b06d6894a800f0822de518e9,
        type: 3}
      propertyPath: m_LocalEulerAnglesHint.y
      value: 0
      objectReference: {fileID: 0}
    - target: {fileID: 5878599885704667059, guid: 14378868b06d6894a800f0822de518e9,
        type: 3}
      propertyPath: m_LocalEulerAnglesHint.z
      value: 0
      objectReference: {fileID: 0}
    - target: {fileID: 5878599885704667068, guid: 14378868b06d6894a800f0822de518e9,
        type: 3}
      propertyPath: m_Name
      value: Obstacle (6)
      objectReference: {fileID: 0}
    m_RemovedComponents: []
  m_SourcePrefab: {fileID: 100100000, guid: 14378868b06d6894a800f0822de518e9, type: 3}
--- !u!4 &2002858489055266809 stripped
Transform:
  m_CorrespondingSourceObject: {fileID: 5878599885704667059, guid: 14378868b06d6894a800f0822de518e9,
    type: 3}
  m_PrefabInstance: {fileID: 5359123423204726858}
  m_PrefabAsset: {fileID: 0}
--- !u!1001 &7995047959669877186
PrefabInstance:
  m_ObjectHideFlags: 0
  serializedVersion: 2
  m_Modification:
    m_TransformParent: {fileID: 3706614166542349302}
    m_Modifications:
    - target: {fileID: 5878599885704667059, guid: 14378868b06d6894a800f0822de518e9,
        type: 3}
      propertyPath: m_RootOrder
      value: 0
      objectReference: {fileID: 0}
    - target: {fileID: 5878599885704667059, guid: 14378868b06d6894a800f0822de518e9,
        type: 3}
      propertyPath: m_LocalScale.x
      value: 0.99888694
      objectReference: {fileID: 0}
    - target: {fileID: 5878599885704667059, guid: 14378868b06d6894a800f0822de518e9,
        type: 3}
      propertyPath: m_LocalScale.z
      value: 2
      objectReference: {fileID: 0}
    - target: {fileID: 5878599885704667059, guid: 14378868b06d6894a800f0822de518e9,
        type: 3}
      propertyPath: m_LocalPosition.x
      value: 2.7462463
      objectReference: {fileID: 0}
    - target: {fileID: 5878599885704667059, guid: 14378868b06d6894a800f0822de518e9,
        type: 3}
      propertyPath: m_LocalPosition.y
      value: 1
      objectReference: {fileID: 0}
    - target: {fileID: 5878599885704667059, guid: 14378868b06d6894a800f0822de518e9,
        type: 3}
      propertyPath: m_LocalPosition.z
      value: 0
      objectReference: {fileID: 0}
    - target: {fileID: 5878599885704667059, guid: 14378868b06d6894a800f0822de518e9,
        type: 3}
      propertyPath: m_LocalRotation.w
      value: 1
      objectReference: {fileID: 0}
    - target: {fileID: 5878599885704667059, guid: 14378868b06d6894a800f0822de518e9,
        type: 3}
      propertyPath: m_LocalRotation.x
      value: -0
      objectReference: {fileID: 0}
    - target: {fileID: 5878599885704667059, guid: 14378868b06d6894a800f0822de518e9,
        type: 3}
      propertyPath: m_LocalRotation.y
      value: -0
      objectReference: {fileID: 0}
    - target: {fileID: 5878599885704667059, guid: 14378868b06d6894a800f0822de518e9,
        type: 3}
      propertyPath: m_LocalRotation.z
      value: -0
      objectReference: {fileID: 0}
    - target: {fileID: 5878599885704667059, guid: 14378868b06d6894a800f0822de518e9,
        type: 3}
      propertyPath: m_LocalEulerAnglesHint.x
      value: 0
      objectReference: {fileID: 0}
    - target: {fileID: 5878599885704667059, guid: 14378868b06d6894a800f0822de518e9,
        type: 3}
      propertyPath: m_LocalEulerAnglesHint.y
      value: 0
      objectReference: {fileID: 0}
    - target: {fileID: 5878599885704667059, guid: 14378868b06d6894a800f0822de518e9,
        type: 3}
      propertyPath: m_LocalEulerAnglesHint.z
      value: 0
      objectReference: {fileID: 0}
    - target: {fileID: 5878599885704667068, guid: 14378868b06d6894a800f0822de518e9,
        type: 3}
      propertyPath: m_Name
      value: Obstacle (1)
      objectReference: {fileID: 0}
    m_RemovedComponents: []
  m_SourcePrefab: {fileID: 100100000, guid: 14378868b06d6894a800f0822de518e9, type: 3}
--- !u!4 &4566903671417321073 stripped
Transform:
  m_CorrespondingSourceObject: {fileID: 5878599885704667059, guid: 14378868b06d6894a800f0822de518e9,
    type: 3}
  m_PrefabInstance: {fileID: 7995047959669877186}
  m_PrefabAsset: {fileID: 0}
--- !u!1001 &8372729564613052060
PrefabInstance:
  m_ObjectHideFlags: 0
  serializedVersion: 2
  m_Modification:
    m_TransformParent: {fileID: 3706614166542349302}
    m_Modifications:
    - target: {fileID: 5878599885704667059, guid: 14378868b06d6894a800f0822de518e9,
        type: 3}
      propertyPath: m_RootOrder
      value: 2
      objectReference: {fileID: 0}
    - target: {fileID: 5878599885704667059, guid: 14378868b06d6894a800f0822de518e9,
        type: 3}
      propertyPath: m_LocalScale.x
      value: 0.99888694
      objectReference: {fileID: 0}
    - target: {fileID: 5878599885704667059, guid: 14378868b06d6894a800f0822de518e9,
        type: 3}
      propertyPath: m_LocalScale.z
      value: 2
      objectReference: {fileID: 0}
    - target: {fileID: 5878599885704667059, guid: 14378868b06d6894a800f0822de518e9,
        type: 3}
      propertyPath: m_LocalPosition.x
      value: 12.455429
      objectReference: {fileID: 0}
    - target: {fileID: 5878599885704667059, guid: 14378868b06d6894a800f0822de518e9,
        type: 3}
      propertyPath: m_LocalPosition.y
      value: 1
      objectReference: {fileID: 0}
    - target: {fileID: 5878599885704667059, guid: 14378868b06d6894a800f0822de518e9,
        type: 3}
      propertyPath: m_LocalPosition.z
      value: 0
      objectReference: {fileID: 0}
    - target: {fileID: 5878599885704667059, guid: 14378868b06d6894a800f0822de518e9,
        type: 3}
      propertyPath: m_LocalRotation.w
      value: 1
      objectReference: {fileID: 0}
    - target: {fileID: 5878599885704667059, guid: 14378868b06d6894a800f0822de518e9,
        type: 3}
      propertyPath: m_LocalRotation.x
      value: -0
      objectReference: {fileID: 0}
    - target: {fileID: 5878599885704667059, guid: 14378868b06d6894a800f0822de518e9,
        type: 3}
      propertyPath: m_LocalRotation.y
      value: -0
      objectReference: {fileID: 0}
    - target: {fileID: 5878599885704667059, guid: 14378868b06d6894a800f0822de518e9,
        type: 3}
      propertyPath: m_LocalRotation.z
      value: -0
      objectReference: {fileID: 0}
    - target: {fileID: 5878599885704667059, guid: 14378868b06d6894a800f0822de518e9,
        type: 3}
      propertyPath: m_LocalEulerAnglesHint.x
      value: 0
      objectReference: {fileID: 0}
    - target: {fileID: 5878599885704667059, guid: 14378868b06d6894a800f0822de518e9,
        type: 3}
      propertyPath: m_LocalEulerAnglesHint.y
      value: 0
      objectReference: {fileID: 0}
    - target: {fileID: 5878599885704667059, guid: 14378868b06d6894a800f0822de518e9,
        type: 3}
      propertyPath: m_LocalEulerAnglesHint.z
      value: 0
      objectReference: {fileID: 0}
    - target: {fileID: 5878599885704667068, guid: 14378868b06d6894a800f0822de518e9,
        type: 3}
      propertyPath: m_Name
      value: Obstacle (4)
      objectReference: {fileID: 0}
    m_RemovedComponents: []
  m_SourcePrefab: {fileID: 100100000, guid: 14378868b06d6894a800f0822de518e9, type: 3}
--- !u!4 &2712594547765418287 stripped
Transform:
  m_CorrespondingSourceObject: {fileID: 5878599885704667059, guid: 14378868b06d6894a800f0822de518e9,
    type: 3}
  m_PrefabInstance: {fileID: 8372729564613052060}
  m_PrefabAsset: {fileID: 0}
--- !u!1001 &9142414336010138869
PrefabInstance:
  m_ObjectHideFlags: 0
  serializedVersion: 2
  m_Modification:
    m_TransformParent: {fileID: 3706614166542349302}
    m_Modifications:
    - target: {fileID: 5878599885704667059, guid: 14378868b06d6894a800f0822de518e9,
        type: 3}
      propertyPath: m_RootOrder
      value: 3
      objectReference: {fileID: 0}
    - target: {fileID: 5878599885704667059, guid: 14378868b06d6894a800f0822de518e9,
        type: 3}
      propertyPath: m_LocalScale.x
      value: 0.99888694
      objectReference: {fileID: 0}
    - target: {fileID: 5878599885704667059, guid: 14378868b06d6894a800f0822de518e9,
        type: 3}
      propertyPath: m_LocalScale.z
      value: 2
      objectReference: {fileID: 0}
    - target: {fileID: 5878599885704667059, guid: 14378868b06d6894a800f0822de518e9,
        type: 3}
      propertyPath: m_LocalPosition.x
      value: 13.454315
      objectReference: {fileID: 0}
    - target: {fileID: 5878599885704667059, guid: 14378868b06d6894a800f0822de518e9,
        type: 3}
      propertyPath: m_LocalPosition.y
      value: 1
      objectReference: {fileID: 0}
    - target: {fileID: 5878599885704667059, guid: 14378868b06d6894a800f0822de518e9,
        type: 3}
      propertyPath: m_LocalPosition.z
      value: 0
      objectReference: {fileID: 0}
    - target: {fileID: 5878599885704667059, guid: 14378868b06d6894a800f0822de518e9,
        type: 3}
      propertyPath: m_LocalRotation.w
      value: 1
      objectReference: {fileID: 0}
    - target: {fileID: 5878599885704667059, guid: 14378868b06d6894a800f0822de518e9,
        type: 3}
      propertyPath: m_LocalRotation.x
      value: -0
      objectReference: {fileID: 0}
    - target: {fileID: 5878599885704667059, guid: 14378868b06d6894a800f0822de518e9,
        type: 3}
      propertyPath: m_LocalRotation.y
      value: -0
      objectReference: {fileID: 0}
    - target: {fileID: 5878599885704667059, guid: 14378868b06d6894a800f0822de518e9,
        type: 3}
      propertyPath: m_LocalRotation.z
      value: -0
      objectReference: {fileID: 0}
    - target: {fileID: 5878599885704667059, guid: 14378868b06d6894a800f0822de518e9,
        type: 3}
      propertyPath: m_LocalEulerAnglesHint.x
      value: 0
      objectReference: {fileID: 0}
    - target: {fileID: 5878599885704667059, guid: 14378868b06d6894a800f0822de518e9,
        type: 3}
      propertyPath: m_LocalEulerAnglesHint.y
      value: 0
      objectReference: {fileID: 0}
    - target: {fileID: 5878599885704667059, guid: 14378868b06d6894a800f0822de518e9,
        type: 3}
      propertyPath: m_LocalEulerAnglesHint.z
      value: 0
      objectReference: {fileID: 0}
    - target: {fileID: 5878599885704667068, guid: 14378868b06d6894a800f0822de518e9,
        type: 3}
      propertyPath: m_Name
      value: Obstacle (5)
      objectReference: {fileID: 0}
    m_RemovedComponents: []
  m_SourcePrefab: {fileID: 100100000, guid: 14378868b06d6894a800f0822de518e9, type: 3}
--- !u!4 &3419527433328962374 stripped
Transform:
  m_CorrespondingSourceObject: {fileID: 5878599885704667059, guid: 14378868b06d6894a800f0822de518e9,
    type: 3}
  m_PrefabInstance: {fileID: 9142414336010138869}
  m_PrefabAsset: {fileID: 0}
