%YAML 1.1
%TAG !u! tag:unity3d.com,2011:
--- !u!1 &2215074027832968085
GameObject:
  m_ObjectHideFlags: 0
  m_CorrespondingSourceObject: {fileID: 0}
  m_PrefabInstance: {fileID: 0}
  m_PrefabAsset: {fileID: 0}
  serializedVersion: 6
  m_Component:
  - component: {fileID: 2215074027832968086}
  m_Layer: 0
  m_Name: End
  m_TagString: Untagged
  m_Icon: {fileID: 0}
  m_NavMeshLayer: 0
  m_StaticEditorFlags: 0
  m_IsActive: 1
--- !u!4 &2215074027832968086
Transform:
  m_ObjectHideFlags: 0
  m_CorrespondingSourceObject: {fileID: 0}
  m_PrefabInstance: {fileID: 0}
  m_PrefabAsset: {fileID: 0}
  m_GameObject: {fileID: 2215074027832968085}
  m_LocalRotation: {x: 0, y: 0, z: 0, w: 1}
  m_LocalPosition: {x: 0.5, y: 0, z: 0}
  m_LocalScale: {x: 1, y: 1, z: 1}
  m_Children: []
  m_Father: {fileID: 5999671188787860577}
  m_RootOrder: 0
  m_LocalEulerAnglesHint: {x: 0, y: 0, z: 0}
--- !u!1 &2215074028604607579
GameObject:
  m_ObjectHideFlags: 0
  m_CorrespondingSourceObject: {fileID: 0}
  m_PrefabInstance: {fileID: 0}
  m_PrefabAsset: {fileID: 0}
  serializedVersion: 6
  m_Component:
  - component: {fileID: 2215074028604607572}
  - component: {fileID: 2215074028604607573}
  - component: {fileID: 6749968750206122076}
  m_Layer: 0
  m_Name: EndlessModePart5
  m_TagString: Untagged
  m_Icon: {fileID: 0}
  m_NavMeshLayer: 0
  m_StaticEditorFlags: 0
  m_IsActive: 1
--- !u!4 &2215074028604607572
Transform:
  m_ObjectHideFlags: 0
  m_CorrespondingSourceObject: {fileID: 0}
  m_PrefabInstance: {fileID: 0}
  m_PrefabAsset: {fileID: 0}
  m_GameObject: {fileID: 2215074028604607579}
  m_LocalRotation: {x: 0, y: 0, z: 0, w: 1}
  m_LocalPosition: {x: 14.08, y: 1, z: 0}
  m_LocalScale: {x: 1, y: 1, z: 1}
  m_Children:
  - {fileID: 5999671189243142395}
  - {fileID: 5999671188787860577}
  - {fileID: 1217748115049746316}
  - {fileID: 7257810953563355615}
  - {fileID: 715701812728186008}
  m_Father: {fileID: 0}
  m_RootOrder: 0
  m_LocalEulerAnglesHint: {x: 0, y: 0, z: 0}
--- !u!114 &2215074028604607573
MonoBehaviour:
  m_ObjectHideFlags: 0
  m_CorrespondingSourceObject: {fileID: 0}
  m_PrefabInstance: {fileID: 0}
  m_PrefabAsset: {fileID: 0}
  m_GameObject: {fileID: 2215074028604607579}
  m_Enabled: 1
  m_EditorHideFlags: 0
  m_Script: {fileID: 11500000, guid: adb48aba0f7127444849e1582573b152, type: 3}
  m_Name: 
  m_EditorClassIdentifier: 
  EndOfPartTransforn: {fileID: 2215074027832968086}
  SafeStartTransform: {fileID: 715701812728186008}
  ColliderMergerComponent: {fileID: 2333787177764869745}
--- !u!114 &6749968750206122076
MonoBehaviour:
  m_ObjectHideFlags: 0
  m_CorrespondingSourceObject: {fileID: 0}
  m_PrefabInstance: {fileID: 0}
  m_PrefabAsset: {fileID: 0}
  m_GameObject: {fileID: 2215074028604607579}
  m_Enabled: 1
  m_EditorHideFlags: 0
  m_Script: {fileID: 11500000, guid: f352371a9bb3c2441abd4c188adca1c7, type: 3}
  m_Name: 
  m_EditorClassIdentifier: 
  Poolable: 8
--- !u!114 &2333787177764869745
MonoBehaviour:
  m_ObjectHideFlags: 0
  m_CorrespondingSourceObject: {fileID: 0}
  m_PrefabInstance: {fileID: 0}
  m_PrefabAsset: {fileID: 0}
  m_GameObject: {fileID: 5999671189243142399}
  m_Enabled: 1
  m_EditorHideFlags: 0
  m_Script: {fileID: 11500000, guid: 37da6eef6db5c39439413ff34575679f, type: 3}
  m_Name: 
  m_EditorClassIdentifier: 
  _thisBoxCollider: {fileID: 5999671189243142398}
  _layerMask:
    serializedVersion: 2
    m_Bits: 1
--- !u!1 &8639188029637660433
GameObject:
  m_ObjectHideFlags: 0
  m_CorrespondingSourceObject: {fileID: 0}
  m_PrefabInstance: {fileID: 0}
  m_PrefabAsset: {fileID: 0}
  serializedVersion: 6
  m_Component:
  - component: {fileID: 715701812728186008}
  m_Layer: 0
  m_Name: SaveSpawn
  m_TagString: Untagged
  m_Icon: {fileID: 0}
  m_NavMeshLayer: 0
  m_StaticEditorFlags: 0
  m_IsActive: 1
--- !u!4 &715701812728186008
Transform:
  m_ObjectHideFlags: 0
  m_CorrespondingSourceObject: {fileID: 0}
  m_PrefabInstance: {fileID: 0}
  m_PrefabAsset: {fileID: 0}
  m_GameObject: {fileID: 8639188029637660433}
  m_LocalRotation: {x: -0, y: -0, z: -0, w: 1}
  m_LocalPosition: {x: 0.5, y: 1, z: 0}
  m_LocalScale: {x: 1, y: 1, z: 1}
  m_Children: []
  m_Father: {fileID: 2215074028604607572}
  m_RootOrder: 4
  m_LocalEulerAnglesHint: {x: 0, y: 0, z: 0}
--- !u!1001 &2215074027579553078
PrefabInstance:
  m_ObjectHideFlags: 0
  serializedVersion: 2
  m_Modification:
    m_TransformParent: {fileID: 2215074028604607572}
    m_Modifications:
    - target: {fileID: 5620100080543012297, guid: e75ffcfad74f1d743aa076dc9a406ecc,
        type: 3}
      propertyPath: m_Name
      value: Floor
      objectReference: {fileID: 0}
    - target: {fileID: 5620100080543012299, guid: e75ffcfad74f1d743aa076dc9a406ecc,
        type: 3}
      propertyPath: m_Materials.Array.data[0]
      value: 
      objectReference: {fileID: 2100000, guid: 4877c316b94c3a949ae024a254ea6d6e, type: 2}
    - target: {fileID: 5620100080543012301, guid: e75ffcfad74f1d743aa076dc9a406ecc,
        type: 3}
      propertyPath: m_RootOrder
      value: 0
      objectReference: {fileID: 0}
    - target: {fileID: 5620100080543012301, guid: e75ffcfad74f1d743aa076dc9a406ecc,
        type: 3}
      propertyPath: m_LocalScale.x
      value: 4.6686344
      objectReference: {fileID: 0}
    - target: {fileID: 5620100080543012301, guid: e75ffcfad74f1d743aa076dc9a406ecc,
        type: 3}
      propertyPath: m_LocalPosition.x
      value: 2.335
      objectReference: {fileID: 0}
    - target: {fileID: 5620100080543012301, guid: e75ffcfad74f1d743aa076dc9a406ecc,
        type: 3}
      propertyPath: m_LocalPosition.y
      value: 0
      objectReference: {fileID: 0}
    - target: {fileID: 5620100080543012301, guid: e75ffcfad74f1d743aa076dc9a406ecc,
        type: 3}
      propertyPath: m_LocalPosition.z
      value: 0
      objectReference: {fileID: 0}
    - target: {fileID: 5620100080543012301, guid: e75ffcfad74f1d743aa076dc9a406ecc,
        type: 3}
      propertyPath: m_LocalRotation.w
      value: 1
      objectReference: {fileID: 0}
    - target: {fileID: 5620100080543012301, guid: e75ffcfad74f1d743aa076dc9a406ecc,
        type: 3}
      propertyPath: m_LocalRotation.x
      value: -0
      objectReference: {fileID: 0}
    - target: {fileID: 5620100080543012301, guid: e75ffcfad74f1d743aa076dc9a406ecc,
        type: 3}
      propertyPath: m_LocalRotation.y
      value: -0
      objectReference: {fileID: 0}
    - target: {fileID: 5620100080543012301, guid: e75ffcfad74f1d743aa076dc9a406ecc,
        type: 3}
      propertyPath: m_LocalRotation.z
      value: -0
      objectReference: {fileID: 0}
    - target: {fileID: 5620100080543012301, guid: e75ffcfad74f1d743aa076dc9a406ecc,
        type: 3}
      propertyPath: m_LocalEulerAnglesHint.x
      value: 0
      objectReference: {fileID: 0}
    - target: {fileID: 5620100080543012301, guid: e75ffcfad74f1d743aa076dc9a406ecc,
        type: 3}
      propertyPath: m_LocalEulerAnglesHint.y
      value: 0
      objectReference: {fileID: 0}
    - target: {fileID: 5620100080543012301, guid: e75ffcfad74f1d743aa076dc9a406ecc,
        type: 3}
      propertyPath: m_LocalEulerAnglesHint.z
      value: 0
      objectReference: {fileID: 0}
    m_RemovedComponents: []
  m_SourcePrefab: {fileID: 100100000, guid: e75ffcfad74f1d743aa076dc9a406ecc, type: 3}
--- !u!1 &5999671189243142399 stripped
GameObject:
  m_CorrespondingSourceObject: {fileID: 5620100080543012297, guid: e75ffcfad74f1d743aa076dc9a406ecc,
    type: 3}
  m_PrefabInstance: {fileID: 2215074027579553078}
  m_PrefabAsset: {fileID: 0}
--- !u!4 &5999671189243142395 stripped
Transform:
  m_CorrespondingSourceObject: {fileID: 5620100080543012301, guid: e75ffcfad74f1d743aa076dc9a406ecc,
    type: 3}
  m_PrefabInstance: {fileID: 2215074027579553078}
  m_PrefabAsset: {fileID: 0}
--- !u!65 &5999671189243142398 stripped
BoxCollider:
  m_CorrespondingSourceObject: {fileID: 5620100080543012296, guid: e75ffcfad74f1d743aa076dc9a406ecc,
    type: 3}
  m_PrefabInstance: {fileID: 2215074027579553078}
  m_PrefabAsset: {fileID: 0}
--- !u!1001 &2215074028269437356
PrefabInstance:
  m_ObjectHideFlags: 0
  serializedVersion: 2
  m_Modification:
    m_TransformParent: {fileID: 2215074028604607572}
    m_Modifications:
    - target: {fileID: 5620100080543012297, guid: e75ffcfad74f1d743aa076dc9a406ecc,
        type: 3}
      propertyPath: m_Name
      value: Floor (1)
      objectReference: {fileID: 0}
    - target: {fileID: 5620100080543012299, guid: e75ffcfad74f1d743aa076dc9a406ecc,
        type: 3}
      propertyPath: m_Materials.Array.data[0]
      value: 
      objectReference: {fileID: 2100000, guid: 4877c316b94c3a949ae024a254ea6d6e, type: 2}
    - target: {fileID: 5620100080543012301, guid: e75ffcfad74f1d743aa076dc9a406ecc,
        type: 3}
      propertyPath: m_RootOrder
      value: 1
      objectReference: {fileID: 0}
    - target: {fileID: 5620100080543012301, guid: e75ffcfad74f1d743aa076dc9a406ecc,
        type: 3}
      propertyPath: m_LocalScale.x
      value: 6.533431
      objectReference: {fileID: 0}
    - target: {fileID: 5620100080543012301, guid: e75ffcfad74f1d743aa076dc9a406ecc,
        type: 3}
      propertyPath: m_LocalPosition.x
      value: 31.205
      objectReference: {fileID: 0}
    - target: {fileID: 5620100080543012301, guid: e75ffcfad74f1d743aa076dc9a406ecc,
        type: 3}
      propertyPath: m_LocalPosition.y
      value: 0
      objectReference: {fileID: 0}
    - target: {fileID: 5620100080543012301, guid: e75ffcfad74f1d743aa076dc9a406ecc,
        type: 3}
      propertyPath: m_LocalPosition.z
      value: 0
      objectReference: {fileID: 0}
    - target: {fileID: 5620100080543012301, guid: e75ffcfad74f1d743aa076dc9a406ecc,
        type: 3}
      propertyPath: m_LocalRotation.w
      value: 1
      objectReference: {fileID: 0}
    - target: {fileID: 5620100080543012301, guid: e75ffcfad74f1d743aa076dc9a406ecc,
        type: 3}
      propertyPath: m_LocalRotation.x
      value: -0
      objectReference: {fileID: 0}
    - target: {fileID: 5620100080543012301, guid: e75ffcfad74f1d743aa076dc9a406ecc,
        type: 3}
      propertyPath: m_LocalRotation.y
      value: -0
      objectReference: {fileID: 0}
    - target: {fileID: 5620100080543012301, guid: e75ffcfad74f1d743aa076dc9a406ecc,
        type: 3}
      propertyPath: m_LocalRotation.z
      value: -0
      objectReference: {fileID: 0}
    - target: {fileID: 5620100080543012301, guid: e75ffcfad74f1d743aa076dc9a406ecc,
        type: 3}
      propertyPath: m_LocalEulerAnglesHint.x
      value: 0
      objectReference: {fileID: 0}
    - target: {fileID: 5620100080543012301, guid: e75ffcfad74f1d743aa076dc9a406ecc,
        type: 3}
      propertyPath: m_LocalEulerAnglesHint.y
      value: 0
      objectReference: {fileID: 0}
    - target: {fileID: 5620100080543012301, guid: e75ffcfad74f1d743aa076dc9a406ecc,
        type: 3}
      propertyPath: m_LocalEulerAnglesHint.z
      value: 0
      objectReference: {fileID: 0}
    m_RemovedComponents: []
  m_SourcePrefab: {fileID: 100100000, guid: e75ffcfad74f1d743aa076dc9a406ecc, type: 3}
--- !u!4 &5999671188787860577 stripped
Transform:
  m_CorrespondingSourceObject: {fileID: 5620100080543012301, guid: e75ffcfad74f1d743aa076dc9a406ecc,
    type: 3}
  m_PrefabInstance: {fileID: 2215074028269437356}
  m_PrefabAsset: {fileID: 0}
--- !u!1001 &2974196154226191378
PrefabInstance:
  m_ObjectHideFlags: 0
  serializedVersion: 2
  m_Modification:
    m_TransformParent: {fileID: 2215074028604607572}
    m_Modifications:
    - target: {fileID: 5620100080543012296, guid: e75ffcfad74f1d743aa076dc9a406ecc,
        type: 3}
      propertyPath: m_Size.x
      value: 1.01
      objectReference: {fileID: 0}
    - target: {fileID: 5620100080543012297, guid: e75ffcfad74f1d743aa076dc9a406ecc,
        type: 3}
      propertyPath: m_Name
      value: Floor (3)
      objectReference: {fileID: 0}
    - target: {fileID: 5620100080543012299, guid: e75ffcfad74f1d743aa076dc9a406ecc,
        type: 3}
      propertyPath: m_Materials.Array.data[0]
      value: 
      objectReference: {fileID: 2100000, guid: 4877c316b94c3a949ae024a254ea6d6e, type: 2}
    - target: {fileID: 5620100080543012301, guid: e75ffcfad74f1d743aa076dc9a406ecc,
        type: 3}
      propertyPath: m_RootOrder
      value: 3
      objectReference: {fileID: 0}
    - target: {fileID: 5620100080543012301, guid: e75ffcfad74f1d743aa076dc9a406ecc,
        type: 3}
      propertyPath: m_LocalScale.x
      value: 2.9898949
      objectReference: {fileID: 0}
    - target: {fileID: 5620100080543012301, guid: e75ffcfad74f1d743aa076dc9a406ecc,
        type: 3}
      propertyPath: m_LocalPosition.x
      value: 20.869995
      objectReference: {fileID: 0}
    - target: {fileID: 5620100080543012301, guid: e75ffcfad74f1d743aa076dc9a406ecc,
        type: 3}
      propertyPath: m_LocalPosition.y
      value: 0
      objectReference: {fileID: 0}
    - target: {fileID: 5620100080543012301, guid: e75ffcfad74f1d743aa076dc9a406ecc,
        type: 3}
      propertyPath: m_LocalPosition.z
      value: 0
      objectReference: {fileID: 0}
    - target: {fileID: 5620100080543012301, guid: e75ffcfad74f1d743aa076dc9a406ecc,
        type: 3}
      propertyPath: m_LocalRotation.w
      value: 1
      objectReference: {fileID: 0}
    - target: {fileID: 5620100080543012301, guid: e75ffcfad74f1d743aa076dc9a406ecc,
        type: 3}
      propertyPath: m_LocalRotation.x
      value: -0
      objectReference: {fileID: 0}
    - target: {fileID: 5620100080543012301, guid: e75ffcfad74f1d743aa076dc9a406ecc,
        type: 3}
      propertyPath: m_LocalRotation.y
      value: -0
      objectReference: {fileID: 0}
    - target: {fileID: 5620100080543012301, guid: e75ffcfad74f1d743aa076dc9a406ecc,
        type: 3}
      propertyPath: m_LocalRotation.z
      value: -0
      objectReference: {fileID: 0}
    - target: {fileID: 5620100080543012301, guid: e75ffcfad74f1d743aa076dc9a406ecc,
        type: 3}
      propertyPath: m_LocalEulerAnglesHint.x
      value: 0
      objectReference: {fileID: 0}
    - target: {fileID: 5620100080543012301, guid: e75ffcfad74f1d743aa076dc9a406ecc,
        type: 3}
      propertyPath: m_LocalEulerAnglesHint.y
      value: 0
      objectReference: {fileID: 0}
    - target: {fileID: 5620100080543012301, guid: e75ffcfad74f1d743aa076dc9a406ecc,
        type: 3}
      propertyPath: m_LocalEulerAnglesHint.z
      value: 0
      objectReference: {fileID: 0}
    m_RemovedComponents: []
  m_SourcePrefab: {fileID: 100100000, guid: e75ffcfad74f1d743aa076dc9a406ecc, type: 3}
--- !u!4 &7257810953563355615 stripped
Transform:
  m_CorrespondingSourceObject: {fileID: 5620100080543012301, guid: e75ffcfad74f1d743aa076dc9a406ecc,
    type: 3}
  m_PrefabInstance: {fileID: 2974196154226191378}
  m_PrefabAsset: {fileID: 0}
--- !u!1001 &6708345060495727169
PrefabInstance:
  m_ObjectHideFlags: 0
  serializedVersion: 2
  m_Modification:
    m_TransformParent: {fileID: 2215074028604607572}
    m_Modifications:
    - target: {fileID: 5620100080543012296, guid: e75ffcfad74f1d743aa076dc9a406ecc,
        type: 3}
      propertyPath: m_Size.x
      value: 1.01
      objectReference: {fileID: 0}
    - target: {fileID: 5620100080543012297, guid: e75ffcfad74f1d743aa076dc9a406ecc,
        type: 3}
      propertyPath: m_Name
      value: Floor (2)
      objectReference: {fileID: 0}
    - target: {fileID: 5620100080543012299, guid: e75ffcfad74f1d743aa076dc9a406ecc,
        type: 3}
      propertyPath: m_Materials.Array.data[0]
      value: 
      objectReference: {fileID: 2100000, guid: 4877c316b94c3a949ae024a254ea6d6e, type: 2}
    - target: {fileID: 5620100080543012301, guid: e75ffcfad74f1d743aa076dc9a406ecc,
        type: 3}
      propertyPath: m_RootOrder
      value: 2
      objectReference: {fileID: 0}
    - target: {fileID: 5620100080543012301, guid: e75ffcfad74f1d743aa076dc9a406ecc,
        type: 3}
      propertyPath: m_LocalScale.x
      value: 2.9898949
      objectReference: {fileID: 0}
    - target: {fileID: 5620100080543012301, guid: e75ffcfad74f1d743aa076dc9a406ecc,
        type: 3}
      propertyPath: m_LocalPosition.x
      value: 11.149994
      objectReference: {fileID: 0}
    - target: {fileID: 5620100080543012301, guid: e75ffcfad74f1d743aa076dc9a406ecc,
        type: 3}
      propertyPath: m_LocalPosition.y
      value: 0
      objectReference: {fileID: 0}
    - target: {fileID: 5620100080543012301, guid: e75ffcfad74f1d743aa076dc9a406ecc,
        type: 3}
      propertyPath: m_LocalPosition.z
      value: 0
      objectReference: {fileID: 0}
    - target: {fileID: 5620100080543012301, guid: e75ffcfad74f1d743aa076dc9a406ecc,
        type: 3}
      propertyPath: m_LocalRotation.w
      value: 1
      objectReference: {fileID: 0}
    - target: {fileID: 5620100080543012301, guid: e75ffcfad74f1d743aa076dc9a406ecc,
        type: 3}
      propertyPath: m_LocalRotation.x
      value: -0
      objectReference: {fileID: 0}
    - target: {fileID: 5620100080543012301, guid: e75ffcfad74f1d743aa076dc9a406ecc,
        type: 3}
      propertyPath: m_LocalRotation.y
      value: -0
      objectReference: {fileID: 0}
    - target: {fileID: 5620100080543012301, guid: e75ffcfad74f1d743aa076dc9a406ecc,
        type: 3}
      propertyPath: m_LocalRotation.z
      value: -0
      objectReference: {fileID: 0}
    - target: {fileID: 5620100080543012301, guid: e75ffcfad74f1d743aa076dc9a406ecc,
        type: 3}
      propertyPath: m_LocalEulerAnglesHint.x
      value: 0
      objectReference: {fileID: 0}
    - target: {fileID: 5620100080543012301, guid: e75ffcfad74f1d743aa076dc9a406ecc,
        type: 3}
      propertyPath: m_LocalEulerAnglesHint.y
      value: 0
      objectReference: {fileID: 0}
    - target: {fileID: 5620100080543012301, guid: e75ffcfad74f1d743aa076dc9a406ecc,
        type: 3}
      propertyPath: m_LocalEulerAnglesHint.z
      value: 0
      objectReference: {fileID: 0}
    m_RemovedComponents: []
  m_SourcePrefab: {fileID: 100100000, guid: e75ffcfad74f1d743aa076dc9a406ecc, type: 3}
--- !u!4 &1217748115049746316 stripped
Transform:
  m_CorrespondingSourceObject: {fileID: 5620100080543012301, guid: e75ffcfad74f1d743aa076dc9a406ecc,
    type: 3}
  m_PrefabInstance: {fileID: 6708345060495727169}
  m_PrefabAsset: {fileID: 0}
