%YAML 1.1
%TAG !u! tag:unity3d.com,2011:
--- !u!29 &1
OcclusionCullingSettings:
  m_ObjectHideFlags: 0
  serializedVersion: 2
  m_OcclusionBakeSettings:
    smallestOccluder: 5
    smallestHole: 0.25
    backfaceThreshold: 100
  m_SceneGUID: 00000000000000000000000000000000
  m_OcclusionCullingData: {fileID: 0}
--- !u!104 &2
RenderSettings:
  m_ObjectHideFlags: 0
  serializedVersion: 9
  m_Fog: 0
  m_FogColor: {r: 0.5, g: 0.5, b: 0.5, a: 1}
  m_FogMode: 3
  m_FogDensity: 0.01
  m_LinearFogStart: 0
  m_LinearFogEnd: 300
  m_AmbientSkyColor: {r: 0.212, g: 0.227, b: 0.259, a: 1}
  m_AmbientEquatorColor: {r: 0.114, g: 0.125, b: 0.133, a: 1}
  m_AmbientGroundColor: {r: 0.047, g: 0.043, b: 0.035, a: 1}
  m_AmbientIntensity: 0
  m_AmbientMode: 0
  m_SubtractiveShadowColor: {r: 0.42, g: 0.478, b: 0.627, a: 1}
  m_SkyboxMaterial: {fileID: 10304, guid: 0000000000000000f000000000000000, type: 0}
  m_HaloStrength: 0.5
  m_FlareStrength: 1
  m_FlareFadeSpeed: 3
  m_HaloTexture: {fileID: 0}
  m_SpotCookie: {fileID: 10001, guid: 0000000000000000e000000000000000, type: 0}
  m_DefaultReflectionMode: 0
  m_DefaultReflectionResolution: 128
  m_ReflectionBounces: 1
  m_ReflectionIntensity: 1
  m_CustomReflection: {fileID: 0}
  m_Sun: {fileID: 0}
  m_IndirectSpecularColor: {r: 0.44657898, g: 0.4964133, b: 0.5748178, a: 1}
  m_UseRadianceAmbientProbe: 0
--- !u!157 &3
LightmapSettings:
  m_ObjectHideFlags: 0
  serializedVersion: 12
  m_GIWorkflowMode: 1
  m_GISettings:
    serializedVersion: 2
    m_BounceScale: 1
    m_IndirectOutputScale: 1
    m_AlbedoBoost: 1
    m_EnvironmentLightingMode: 0
    m_EnableBakedLightmaps: 1
    m_EnableRealtimeLightmaps: 0
  m_LightmapEditorSettings:
    serializedVersion: 12
    m_Resolution: 2
    m_BakeResolution: 40
    m_AtlasSize: 1024
    m_AO: 0
    m_AOMaxDistance: 1
    m_CompAOExponent: 1
    m_CompAOExponentDirect: 0
    m_ExtractAmbientOcclusion: 0
    m_Padding: 2
    m_LightmapParameters: {fileID: 0}
    m_LightmapsBakeMode: 1
    m_TextureCompression: 1
    m_FinalGather: 0
    m_FinalGatherFiltering: 1
    m_FinalGatherRayCount: 256
    m_ReflectionCompression: 2
    m_MixedBakeMode: 2
    m_BakeBackend: 1
    m_PVRSampling: 1
    m_PVRDirectSampleCount: 32
    m_PVRSampleCount: 512
    m_PVRBounces: 2
    m_PVREnvironmentSampleCount: 256
    m_PVREnvironmentReferencePointCount: 2048
    m_PVRFilteringMode: 1
    m_PVRDenoiserTypeDirect: 1
    m_PVRDenoiserTypeIndirect: 1
    m_PVRDenoiserTypeAO: 1
    m_PVRFilterTypeDirect: 0
    m_PVRFilterTypeIndirect: 0
    m_PVRFilterTypeAO: 0
    m_PVREnvironmentMIS: 1
    m_PVRCulling: 1
    m_PVRFilteringGaussRadiusDirect: 1
    m_PVRFilteringGaussRadiusIndirect: 5
    m_PVRFilteringGaussRadiusAO: 2
    m_PVRFilteringAtrousPositionSigmaDirect: 0.5
    m_PVRFilteringAtrousPositionSigmaIndirect: 2
    m_PVRFilteringAtrousPositionSigmaAO: 1
    m_ExportTrainingData: 0
    m_TrainingDataDestination: TrainingData
    m_LightProbeSampleCountMultiplier: 4
  m_LightingDataAsset: {fileID: 0}
  m_LightingSettings: {fileID: 0}
--- !u!196 &4
NavMeshSettings:
  serializedVersion: 2
  m_ObjectHideFlags: 0
  m_BuildSettings:
    serializedVersion: 2
    agentTypeID: 0
    agentRadius: 0.5
    agentHeight: 2
    agentSlope: 45
    agentClimb: 0.4
    ledgeDropHeight: 0
    maxJumpAcrossDistance: 0
    minRegionArea: 2
    manualCellSize: 0
    cellSize: 0.16666667
    manualTileSize: 0
    tileSize: 256
    accuratePlacement: 0
    maxJobWorkers: 0
    preserveTilesOutsideBounds: 0
    debug:
      m_Flags: 0
  m_NavMeshData: {fileID: 0}
--- !u!1001 &37867428
PrefabInstance:
  m_ObjectHideFlags: 0
  serializedVersion: 2
  m_Modification:
    m_TransformParent: {fileID: 1137514354}
    m_Modifications:
    - target: {fileID: 5878599885704667059, guid: 14378868b06d6894a800f0822de518e9,
        type: 3}
      propertyPath: m_RootOrder
      value: 0
      objectReference: {fileID: 0}
    - target: {fileID: 5878599885704667059, guid: 14378868b06d6894a800f0822de518e9,
        type: 3}
      propertyPath: m_LocalScale.x
      value: 9.1195545
      objectReference: {fileID: 0}
    - target: {fileID: 5878599885704667059, guid: 14378868b06d6894a800f0822de518e9,
        type: 3}
      propertyPath: m_LocalScale.z
      value: 1.9581201
      objectReference: {fileID: 0}
    - target: {fileID: 5878599885704667059, guid: 14378868b06d6894a800f0822de518e9,
        type: 3}
      propertyPath: m_LocalPosition.x
      value: -0.805
      objectReference: {fileID: 0}
    - target: {fileID: 5878599885704667059, guid: 14378868b06d6894a800f0822de518e9,
        type: 3}
      propertyPath: m_LocalPosition.y
      value: 0
      objectReference: {fileID: 0}
    - target: {fileID: 5878599885704667059, guid: 14378868b06d6894a800f0822de518e9,
        type: 3}
      propertyPath: m_LocalPosition.z
      value: -0.06282
      objectReference: {fileID: 0}
    - target: {fileID: 5878599885704667059, guid: 14378868b06d6894a800f0822de518e9,
        type: 3}
      propertyPath: m_LocalRotation.w
      value: 1
      objectReference: {fileID: 0}
    - target: {fileID: 5878599885704667059, guid: 14378868b06d6894a800f0822de518e9,
        type: 3}
      propertyPath: m_LocalRotation.x
      value: -0
      objectReference: {fileID: 0}
    - target: {fileID: 5878599885704667059, guid: 14378868b06d6894a800f0822de518e9,
        type: 3}
      propertyPath: m_LocalRotation.y
      value: -0
      objectReference: {fileID: 0}
    - target: {fileID: 5878599885704667059, guid: 14378868b06d6894a800f0822de518e9,
        type: 3}
      propertyPath: m_LocalRotation.z
      value: -0
      objectReference: {fileID: 0}
    - target: {fileID: 5878599885704667059, guid: 14378868b06d6894a800f0822de518e9,
        type: 3}
      propertyPath: m_LocalEulerAnglesHint.x
      value: 0
      objectReference: {fileID: 0}
    - target: {fileID: 5878599885704667059, guid: 14378868b06d6894a800f0822de518e9,
        type: 3}
      propertyPath: m_LocalEulerAnglesHint.y
      value: 0
      objectReference: {fileID: 0}
    - target: {fileID: 5878599885704667059, guid: 14378868b06d6894a800f0822de518e9,
        type: 3}
      propertyPath: m_LocalEulerAnglesHint.z
      value: 0
      objectReference: {fileID: 0}
    - target: {fileID: 5878599885704667068, guid: 14378868b06d6894a800f0822de518e9,
        type: 3}
      propertyPath: m_Name
      value: Obstacle (2)
      objectReference: {fileID: 0}
    m_RemovedComponents: []
  m_SourcePrefab: {fileID: 100100000, guid: 14378868b06d6894a800f0822de518e9, type: 3}
--- !u!4 &37867429 stripped
Transform:
  m_CorrespondingSourceObject: {fileID: 5878599885704667059, guid: 14378868b06d6894a800f0822de518e9,
    type: 3}
  m_PrefabInstance: {fileID: 37867428}
  m_PrefabAsset: {fileID: 0}
--- !u!1001 &119978245
PrefabInstance:
  m_ObjectHideFlags: 0
  serializedVersion: 2
  m_Modification:
    m_TransformParent: {fileID: 1137514354}
    m_Modifications:
    - target: {fileID: 6867297054333969162, guid: 5d7c7486aa201204597addb3bc5839d3,
        type: 3}
      propertyPath: m_Name
      value: Trampoline (2)
      objectReference: {fileID: 0}
    - target: {fileID: 6867297054333969167, guid: 5d7c7486aa201204597addb3bc5839d3,
        type: 3}
      propertyPath: m_RootOrder
      value: 9
      objectReference: {fileID: 0}
    - target: {fileID: 6867297054333969167, guid: 5d7c7486aa201204597addb3bc5839d3,
        type: 3}
      propertyPath: m_LocalScale.y
      value: 0.19999999
      objectReference: {fileID: 0}
    - target: {fileID: 6867297054333969167, guid: 5d7c7486aa201204597addb3bc5839d3,
        type: 3}
      propertyPath: m_LocalPosition.x
      value: 30.76
      objectReference: {fileID: 0}
    - target: {fileID: 6867297054333969167, guid: 5d7c7486aa201204597addb3bc5839d3,
        type: 3}
      propertyPath: m_LocalPosition.y
      value: 1.1599998
      objectReference: {fileID: 0}
    - target: {fileID: 6867297054333969167, guid: 5d7c7486aa201204597addb3bc5839d3,
        type: 3}
      propertyPath: m_LocalPosition.z
      value: 0.011474609
      objectReference: {fileID: 0}
    - target: {fileID: 6867297054333969167, guid: 5d7c7486aa201204597addb3bc5839d3,
        type: 3}
      propertyPath: m_LocalRotation.w
      value: 1
      objectReference: {fileID: 0}
    - target: {fileID: 6867297054333969167, guid: 5d7c7486aa201204597addb3bc5839d3,
        type: 3}
      propertyPath: m_LocalRotation.x
      value: -0
      objectReference: {fileID: 0}
    - target: {fileID: 6867297054333969167, guid: 5d7c7486aa201204597addb3bc5839d3,
        type: 3}
      propertyPath: m_LocalRotation.y
      value: -0
      objectReference: {fileID: 0}
    - target: {fileID: 6867297054333969167, guid: 5d7c7486aa201204597addb3bc5839d3,
        type: 3}
      propertyPath: m_LocalRotation.z
      value: -0
      objectReference: {fileID: 0}
    - target: {fileID: 6867297054333969167, guid: 5d7c7486aa201204597addb3bc5839d3,
        type: 3}
      propertyPath: m_LocalEulerAnglesHint.x
      value: 0
      objectReference: {fileID: 0}
    - target: {fileID: 6867297054333969167, guid: 5d7c7486aa201204597addb3bc5839d3,
        type: 3}
      propertyPath: m_LocalEulerAnglesHint.y
      value: 0
      objectReference: {fileID: 0}
    - target: {fileID: 6867297054333969167, guid: 5d7c7486aa201204597addb3bc5839d3,
        type: 3}
      propertyPath: m_LocalEulerAnglesHint.z
      value: 0
      objectReference: {fileID: 0}
    m_RemovedComponents: []
  m_SourcePrefab: {fileID: 100100000, guid: 5d7c7486aa201204597addb3bc5839d3, type: 3}
--- !u!4 &119978246 stripped
Transform:
  m_CorrespondingSourceObject: {fileID: 6867297054333969167, guid: 5d7c7486aa201204597addb3bc5839d3,
    type: 3}
  m_PrefabInstance: {fileID: 119978245}
  m_PrefabAsset: {fileID: 0}
--- !u!1001 &173013072
PrefabInstance:
  m_ObjectHideFlags: 0
  serializedVersion: 2
  m_Modification:
    m_TransformParent: {fileID: 1137514354}
    m_Modifications:
    - target: {fileID: 5878599885704667059, guid: 14378868b06d6894a800f0822de518e9,
        type: 3}
      propertyPath: m_RootOrder
      value: 1
      objectReference: {fileID: 0}
    - target: {fileID: 5878599885704667059, guid: 14378868b06d6894a800f0822de518e9,
        type: 3}
      propertyPath: m_LocalScale.x
      value: 5.015328
      objectReference: {fileID: 0}
    - target: {fileID: 5878599885704667059, guid: 14378868b06d6894a800f0822de518e9,
        type: 3}
      propertyPath: m_LocalScale.z
      value: 1.9581201
      objectReference: {fileID: 0}
    - target: {fileID: 5878599885704667059, guid: 14378868b06d6894a800f0822de518e9,
        type: 3}
      propertyPath: m_LocalPosition.x
      value: 14.357
      objectReference: {fileID: 0}
    - target: {fileID: 5878599885704667059, guid: 14378868b06d6894a800f0822de518e9,
        type: 3}
      propertyPath: m_LocalPosition.y
      value: 0.000000012544
      objectReference: {fileID: 0}
    - target: {fileID: 5878599885704667059, guid: 14378868b06d6894a800f0822de518e9,
        type: 3}
      propertyPath: m_LocalPosition.z
      value: -0.06282
      objectReference: {fileID: 0}
    - target: {fileID: 5878599885704667059, guid: 14378868b06d6894a800f0822de518e9,
        type: 3}
      propertyPath: m_LocalRotation.w
      value: 1
      objectReference: {fileID: 0}
    - target: {fileID: 5878599885704667059, guid: 14378868b06d6894a800f0822de518e9,
        type: 3}
      propertyPath: m_LocalRotation.x
      value: -0
      objectReference: {fileID: 0}
    - target: {fileID: 5878599885704667059, guid: 14378868b06d6894a800f0822de518e9,
        type: 3}
      propertyPath: m_LocalRotation.y
      value: -0
      objectReference: {fileID: 0}
    - target: {fileID: 5878599885704667059, guid: 14378868b06d6894a800f0822de518e9,
        type: 3}
      propertyPath: m_LocalRotation.z
      value: -0
      objectReference: {fileID: 0}
    - target: {fileID: 5878599885704667059, guid: 14378868b06d6894a800f0822de518e9,
        type: 3}
      propertyPath: m_LocalEulerAnglesHint.x
      value: 0
      objectReference: {fileID: 0}
    - target: {fileID: 5878599885704667059, guid: 14378868b06d6894a800f0822de518e9,
        type: 3}
      propertyPath: m_LocalEulerAnglesHint.y
      value: 0
      objectReference: {fileID: 0}
    - target: {fileID: 5878599885704667059, guid: 14378868b06d6894a800f0822de518e9,
        type: 3}
      propertyPath: m_LocalEulerAnglesHint.z
      value: 0
      objectReference: {fileID: 0}
    - target: {fileID: 5878599885704667068, guid: 14378868b06d6894a800f0822de518e9,
        type: 3}
      propertyPath: m_Name
      value: Obstacle (5)
      objectReference: {fileID: 0}
    m_RemovedComponents: []
  m_SourcePrefab: {fileID: 100100000, guid: 14378868b06d6894a800f0822de518e9, type: 3}
--- !u!4 &173013073 stripped
Transform:
  m_CorrespondingSourceObject: {fileID: 5878599885704667059, guid: 14378868b06d6894a800f0822de518e9,
    type: 3}
  m_PrefabInstance: {fileID: 173013072}
  m_PrefabAsset: {fileID: 0}
--- !u!1001 &183525752
PrefabInstance:
  m_ObjectHideFlags: 0
  serializedVersion: 2
  m_Modification:
    m_TransformParent: {fileID: 822066176}
    m_Modifications:
    - target: {fileID: 1992632755488242778, guid: 4f559d9abd1579144a40b6b4b9281ee7,
        type: 3}
      propertyPath: m_RootOrder
      value: 0
      objectReference: {fileID: 0}
    - target: {fileID: 1992632755488242778, guid: 4f559d9abd1579144a40b6b4b9281ee7,
        type: 3}
      propertyPath: m_LocalPosition.x
      value: 60.204998
      objectReference: {fileID: 0}
    - target: {fileID: 1992632755488242778, guid: 4f559d9abd1579144a40b6b4b9281ee7,
        type: 3}
      propertyPath: m_LocalPosition.y
      value: 4
      objectReference: {fileID: 0}
    - target: {fileID: 1992632755488242778, guid: 4f559d9abd1579144a40b6b4b9281ee7,
        type: 3}
      propertyPath: m_LocalPosition.z
      value: 0
      objectReference: {fileID: 0}
    - target: {fileID: 1992632755488242778, guid: 4f559d9abd1579144a40b6b4b9281ee7,
        type: 3}
      propertyPath: m_LocalRotation.w
      value: 1
      objectReference: {fileID: 0}
    - target: {fileID: 1992632755488242778, guid: 4f559d9abd1579144a40b6b4b9281ee7,
        type: 3}
      propertyPath: m_LocalRotation.x
      value: -0
      objectReference: {fileID: 0}
    - target: {fileID: 1992632755488242778, guid: 4f559d9abd1579144a40b6b4b9281ee7,
        type: 3}
      propertyPath: m_LocalRotation.y
      value: -0
      objectReference: {fileID: 0}
    - target: {fileID: 1992632755488242778, guid: 4f559d9abd1579144a40b6b4b9281ee7,
        type: 3}
      propertyPath: m_LocalRotation.z
      value: -0
      objectReference: {fileID: 0}
    - target: {fileID: 1992632755488242778, guid: 4f559d9abd1579144a40b6b4b9281ee7,
        type: 3}
      propertyPath: m_LocalEulerAnglesHint.x
      value: 0
      objectReference: {fileID: 0}
    - target: {fileID: 1992632755488242778, guid: 4f559d9abd1579144a40b6b4b9281ee7,
        type: 3}
      propertyPath: m_LocalEulerAnglesHint.y
      value: 0
      objectReference: {fileID: 0}
    - target: {fileID: 1992632755488242778, guid: 4f559d9abd1579144a40b6b4b9281ee7,
        type: 3}
      propertyPath: m_LocalEulerAnglesHint.z
      value: 0
      objectReference: {fileID: 0}
    - target: {fileID: 1992632755488242780, guid: 4f559d9abd1579144a40b6b4b9281ee7,
        type: 3}
      propertyPath: m_Materials.Array.data[0]
      value: 
      objectReference: {fileID: 2100000, guid: 4877c316b94c3a949ae024a254ea6d6e, type: 2}
    - target: {fileID: 1992632755488242782, guid: 4f559d9abd1579144a40b6b4b9281ee7,
        type: 3}
      propertyPath: m_Name
      value: Wall
      objectReference: {fileID: 0}
    - target: {fileID: 1992632755488242782, guid: 4f559d9abd1579144a40b6b4b9281ee7,
        type: 3}
      propertyPath: m_IsActive
      value: 1
      objectReference: {fileID: 0}
    m_RemovedComponents: []
  m_SourcePrefab: {fileID: 100100000, guid: 4f559d9abd1579144a40b6b4b9281ee7, type: 3}
--- !u!4 &183525753 stripped
Transform:
  m_CorrespondingSourceObject: {fileID: 1992632755488242778, guid: 4f559d9abd1579144a40b6b4b9281ee7,
    type: 3}
  m_PrefabInstance: {fileID: 183525752}
  m_PrefabAsset: {fileID: 0}
--- !u!1001 &250804804
PrefabInstance:
  m_ObjectHideFlags: 0
  serializedVersion: 2
  m_Modification:
    m_TransformParent: {fileID: 1137514354}
    m_Modifications:
    - target: {fileID: 5878599885704667059, guid: 14378868b06d6894a800f0822de518e9,
        type: 3}
      propertyPath: m_RootOrder
      value: 5
      objectReference: {fileID: 0}
    - target: {fileID: 5878599885704667059, guid: 14378868b06d6894a800f0822de518e9,
        type: 3}
      propertyPath: m_LocalScale.x
      value: 13.154047
      objectReference: {fileID: 0}
    - target: {fileID: 5878599885704667059, guid: 14378868b06d6894a800f0822de518e9,
        type: 3}
      propertyPath: m_LocalScale.z
      value: 1.9581201
      objectReference: {fileID: 0}
    - target: {fileID: 5878599885704667059, guid: 14378868b06d6894a800f0822de518e9,
        type: 3}
      propertyPath: m_LocalPosition.x
      value: 77.687
      objectReference: {fileID: 0}
    - target: {fileID: 5878599885704667059, guid: 14378868b06d6894a800f0822de518e9,
        type: 3}
      propertyPath: m_LocalPosition.y
      value: 0
      objectReference: {fileID: 0}
    - target: {fileID: 5878599885704667059, guid: 14378868b06d6894a800f0822de518e9,
        type: 3}
      propertyPath: m_LocalPosition.z
      value: -0.06282
      objectReference: {fileID: 0}
    - target: {fileID: 5878599885704667059, guid: 14378868b06d6894a800f0822de518e9,
        type: 3}
      propertyPath: m_LocalRotation.w
      value: 1
      objectReference: {fileID: 0}
    - target: {fileID: 5878599885704667059, guid: 14378868b06d6894a800f0822de518e9,
        type: 3}
      propertyPath: m_LocalRotation.x
      value: -0
      objectReference: {fileID: 0}
    - target: {fileID: 5878599885704667059, guid: 14378868b06d6894a800f0822de518e9,
        type: 3}
      propertyPath: m_LocalRotation.y
      value: -0
      objectReference: {fileID: 0}
    - target: {fileID: 5878599885704667059, guid: 14378868b06d6894a800f0822de518e9,
        type: 3}
      propertyPath: m_LocalRotation.z
      value: -0
      objectReference: {fileID: 0}
    - target: {fileID: 5878599885704667059, guid: 14378868b06d6894a800f0822de518e9,
        type: 3}
      propertyPath: m_LocalEulerAnglesHint.x
      value: 0
      objectReference: {fileID: 0}
    - target: {fileID: 5878599885704667059, guid: 14378868b06d6894a800f0822de518e9,
        type: 3}
      propertyPath: m_LocalEulerAnglesHint.y
      value: 0
      objectReference: {fileID: 0}
    - target: {fileID: 5878599885704667059, guid: 14378868b06d6894a800f0822de518e9,
        type: 3}
      propertyPath: m_LocalEulerAnglesHint.z
      value: 0
      objectReference: {fileID: 0}
    - target: {fileID: 5878599885704667068, guid: 14378868b06d6894a800f0822de518e9,
        type: 3}
      propertyPath: m_Name
      value: Obstacle (3)
      objectReference: {fileID: 0}
    m_RemovedComponents: []
  m_SourcePrefab: {fileID: 100100000, guid: 14378868b06d6894a800f0822de518e9, type: 3}
--- !u!4 &250804805 stripped
Transform:
  m_CorrespondingSourceObject: {fileID: 5878599885704667059, guid: 14378868b06d6894a800f0822de518e9,
    type: 3}
  m_PrefabInstance: {fileID: 250804804}
  m_PrefabAsset: {fileID: 0}
--- !u!1001 &416778856
PrefabInstance:
  m_ObjectHideFlags: 0
  serializedVersion: 2
  m_Modification:
    m_TransformParent: {fileID: 1137514354}
    m_Modifications:
    - target: {fileID: 5878599885704667059, guid: 14378868b06d6894a800f0822de518e9,
        type: 3}
      propertyPath: m_RootOrder
      value: 3
      objectReference: {fileID: 0}
    - target: {fileID: 5878599885704667059, guid: 14378868b06d6894a800f0822de518e9,
        type: 3}
      propertyPath: m_LocalScale.x
      value: 15.835884
      objectReference: {fileID: 0}
    - target: {fileID: 5878599885704667059, guid: 14378868b06d6894a800f0822de518e9,
        type: 3}
      propertyPath: m_LocalScale.z
      value: 1.9581201
      objectReference: {fileID: 0}
    - target: {fileID: 5878599885704667059, guid: 14378868b06d6894a800f0822de518e9,
        type: 3}
      propertyPath: m_LocalPosition.x
      value: 37.688
      objectReference: {fileID: 0}
    - target: {fileID: 5878599885704667059, guid: 14378868b06d6894a800f0822de518e9,
        type: 3}
      propertyPath: m_LocalPosition.y
      value: -0.000000014901
      objectReference: {fileID: 0}
    - target: {fileID: 5878599885704667059, guid: 14378868b06d6894a800f0822de518e9,
        type: 3}
      propertyPath: m_LocalPosition.z
      value: -0.06282
      objectReference: {fileID: 0}
    - target: {fileID: 5878599885704667059, guid: 14378868b06d6894a800f0822de518e9,
        type: 3}
      propertyPath: m_LocalRotation.w
      value: 1
      objectReference: {fileID: 0}
    - target: {fileID: 5878599885704667059, guid: 14378868b06d6894a800f0822de518e9,
        type: 3}
      propertyPath: m_LocalRotation.x
      value: -0
      objectReference: {fileID: 0}
    - target: {fileID: 5878599885704667059, guid: 14378868b06d6894a800f0822de518e9,
        type: 3}
      propertyPath: m_LocalRotation.y
      value: -0
      objectReference: {fileID: 0}
    - target: {fileID: 5878599885704667059, guid: 14378868b06d6894a800f0822de518e9,
        type: 3}
      propertyPath: m_LocalRotation.z
      value: -0
      objectReference: {fileID: 0}
    - target: {fileID: 5878599885704667059, guid: 14378868b06d6894a800f0822de518e9,
        type: 3}
      propertyPath: m_LocalEulerAnglesHint.x
      value: 0
      objectReference: {fileID: 0}
    - target: {fileID: 5878599885704667059, guid: 14378868b06d6894a800f0822de518e9,
        type: 3}
      propertyPath: m_LocalEulerAnglesHint.y
      value: 0
      objectReference: {fileID: 0}
    - target: {fileID: 5878599885704667059, guid: 14378868b06d6894a800f0822de518e9,
        type: 3}
      propertyPath: m_LocalEulerAnglesHint.z
      value: 0
      objectReference: {fileID: 0}
    - target: {fileID: 5878599885704667068, guid: 14378868b06d6894a800f0822de518e9,
        type: 3}
      propertyPath: m_Name
      value: Obstacle (6)
      objectReference: {fileID: 0}
    m_RemovedComponents: []
  m_SourcePrefab: {fileID: 100100000, guid: 14378868b06d6894a800f0822de518e9, type: 3}
--- !u!4 &416778857 stripped
Transform:
  m_CorrespondingSourceObject: {fileID: 5878599885704667059, guid: 14378868b06d6894a800f0822de518e9,
    type: 3}
  m_PrefabInstance: {fileID: 416778856}
  m_PrefabAsset: {fileID: 0}
--- !u!1001 &446274870
PrefabInstance:
  m_ObjectHideFlags: 0
  serializedVersion: 2
  m_Modification:
    m_TransformParent: {fileID: 822066176}
    m_Modifications:
    - target: {fileID: 5620100080543012297, guid: e75ffcfad74f1d743aa076dc9a406ecc,
        type: 3}
      propertyPath: m_Name
      value: Floor (6)
      objectReference: {fileID: 0}
    - target: {fileID: 5620100080543012299, guid: e75ffcfad74f1d743aa076dc9a406ecc,
        type: 3}
      propertyPath: m_Materials.Array.data[0]
      value: 
      objectReference: {fileID: 2100000, guid: 4877c316b94c3a949ae024a254ea6d6e, type: 2}
    - target: {fileID: 5620100080543012301, guid: e75ffcfad74f1d743aa076dc9a406ecc,
        type: 3}
      propertyPath: m_RootOrder
      value: 5
      objectReference: {fileID: 0}
    - target: {fileID: 5620100080543012301, guid: e75ffcfad74f1d743aa076dc9a406ecc,
        type: 3}
      propertyPath: m_LocalScale.x
      value: 12.161806
      objectReference: {fileID: 0}
    - target: {fileID: 5620100080543012301, guid: e75ffcfad74f1d743aa076dc9a406ecc,
        type: 3}
      propertyPath: m_LocalPosition.x
      value: 65.029
      objectReference: {fileID: 0}
    - target: {fileID: 5620100080543012301, guid: e75ffcfad74f1d743aa076dc9a406ecc,
        type: 3}
      propertyPath: m_LocalPosition.y
      value: 4.9477e-10
      objectReference: {fileID: 0}
    - target: {fileID: 5620100080543012301, guid: e75ffcfad74f1d743aa076dc9a406ecc,
        type: 3}
      propertyPath: m_LocalPosition.z
      value: -0.04188
      objectReference: {fileID: 0}
    - target: {fileID: 5620100080543012301, guid: e75ffcfad74f1d743aa076dc9a406ecc,
        type: 3}
      propertyPath: m_LocalRotation.w
      value: 1
      objectReference: {fileID: 0}
    - target: {fileID: 5620100080543012301, guid: e75ffcfad74f1d743aa076dc9a406ecc,
        type: 3}
      propertyPath: m_LocalRotation.x
      value: -0
      objectReference: {fileID: 0}
    - target: {fileID: 5620100080543012301, guid: e75ffcfad74f1d743aa076dc9a406ecc,
        type: 3}
      propertyPath: m_LocalRotation.y
      value: -0
      objectReference: {fileID: 0}
    - target: {fileID: 5620100080543012301, guid: e75ffcfad74f1d743aa076dc9a406ecc,
        type: 3}
      propertyPath: m_LocalRotation.z
      value: -0
      objectReference: {fileID: 0}
    - target: {fileID: 5620100080543012301, guid: e75ffcfad74f1d743aa076dc9a406ecc,
        type: 3}
      propertyPath: m_LocalEulerAnglesHint.x
      value: 0
      objectReference: {fileID: 0}
    - target: {fileID: 5620100080543012301, guid: e75ffcfad74f1d743aa076dc9a406ecc,
        type: 3}
      propertyPath: m_LocalEulerAnglesHint.y
      value: 0
      objectReference: {fileID: 0}
    - target: {fileID: 5620100080543012301, guid: e75ffcfad74f1d743aa076dc9a406ecc,
        type: 3}
      propertyPath: m_LocalEulerAnglesHint.z
      value: 0
      objectReference: {fileID: 0}
    m_RemovedComponents: []
  m_SourcePrefab: {fileID: 100100000, guid: e75ffcfad74f1d743aa076dc9a406ecc, type: 3}
--- !u!4 &446274871 stripped
Transform:
  m_CorrespondingSourceObject: {fileID: 5620100080543012301, guid: e75ffcfad74f1d743aa076dc9a406ecc,
    type: 3}
  m_PrefabInstance: {fileID: 446274870}
  m_PrefabAsset: {fileID: 0}
--- !u!1001 &472103814
PrefabInstance:
  m_ObjectHideFlags: 0
  serializedVersion: 2
  m_Modification:
    m_TransformParent: {fileID: 0}
    m_Modifications:
    - target: {fileID: 2461487373785779137, guid: a37a0e40de106d84983c191ffc6f1d3a,
        type: 3}
      propertyPath: m_Name
      value: TestBackground (1)
      objectReference: {fileID: 0}
    - target: {fileID: 2928122585235872218, guid: a37a0e40de106d84983c191ffc6f1d3a,
        type: 3}
      propertyPath: m_RootOrder
      value: 4
      objectReference: {fileID: 0}
    - target: {fileID: 2928122585235872218, guid: a37a0e40de106d84983c191ffc6f1d3a,
        type: 3}
      propertyPath: m_LocalPosition.x
      value: 0
      objectReference: {fileID: 0}
    - target: {fileID: 2928122585235872218, guid: a37a0e40de106d84983c191ffc6f1d3a,
        type: 3}
      propertyPath: m_LocalPosition.y
      value: 0
      objectReference: {fileID: 0}
    - target: {fileID: 2928122585235872218, guid: a37a0e40de106d84983c191ffc6f1d3a,
        type: 3}
      propertyPath: m_LocalPosition.z
      value: 0
      objectReference: {fileID: 0}
    - target: {fileID: 2928122585235872218, guid: a37a0e40de106d84983c191ffc6f1d3a,
        type: 3}
      propertyPath: m_LocalRotation.w
      value: 1
      objectReference: {fileID: 0}
    - target: {fileID: 2928122585235872218, guid: a37a0e40de106d84983c191ffc6f1d3a,
        type: 3}
      propertyPath: m_LocalRotation.x
      value: 0
      objectReference: {fileID: 0}
    - target: {fileID: 2928122585235872218, guid: a37a0e40de106d84983c191ffc6f1d3a,
        type: 3}
      propertyPath: m_LocalRotation.y
      value: 0
      objectReference: {fileID: 0}
    - target: {fileID: 2928122585235872218, guid: a37a0e40de106d84983c191ffc6f1d3a,
        type: 3}
      propertyPath: m_LocalRotation.z
      value: 0
      objectReference: {fileID: 0}
    - target: {fileID: 2928122585235872218, guid: a37a0e40de106d84983c191ffc6f1d3a,
        type: 3}
      propertyPath: m_LocalEulerAnglesHint.x
      value: 0
      objectReference: {fileID: 0}
    - target: {fileID: 2928122585235872218, guid: a37a0e40de106d84983c191ffc6f1d3a,
        type: 3}
      propertyPath: m_LocalEulerAnglesHint.y
      value: 0
      objectReference: {fileID: 0}
    - target: {fileID: 2928122585235872218, guid: a37a0e40de106d84983c191ffc6f1d3a,
        type: 3}
      propertyPath: m_LocalEulerAnglesHint.z
      value: 0
      objectReference: {fileID: 0}
    m_RemovedComponents: []
  m_SourcePrefab: {fileID: 100100000, guid: a37a0e40de106d84983c191ffc6f1d3a, type: 3}
--- !u!1001 &472235614
PrefabInstance:
  m_ObjectHideFlags: 0
  serializedVersion: 2
  m_Modification:
    m_TransformParent: {fileID: 1137514354}
    m_Modifications:
    - target: {fileID: 5878599885704667059, guid: 14378868b06d6894a800f0822de518e9,
        type: 3}
      propertyPath: m_RootOrder
      value: 6
      objectReference: {fileID: 0}
    - target: {fileID: 5878599885704667059, guid: 14378868b06d6894a800f0822de518e9,
        type: 3}
      propertyPath: m_LocalScale.x
      value: 3.9917536
      objectReference: {fileID: 0}
    - target: {fileID: 5878599885704667059, guid: 14378868b06d6894a800f0822de518e9,
        type: 3}
      propertyPath: m_LocalScale.z
      value: 1.9581201
      objectReference: {fileID: 0}
    - target: {fileID: 5878599885704667059, guid: 14378868b06d6894a800f0822de518e9,
        type: 3}
      propertyPath: m_LocalPosition.x
      value: 91.814995
      objectReference: {fileID: 0}
    - target: {fileID: 5878599885704667059, guid: 14378868b06d6894a800f0822de518e9,
        type: 3}
      propertyPath: m_LocalPosition.y
      value: 0
      objectReference: {fileID: 0}
    - target: {fileID: 5878599885704667059, guid: 14378868b06d6894a800f0822de518e9,
        type: 3}
      propertyPath: m_LocalPosition.z
      value: -0.06282
      objectReference: {fileID: 0}
    - target: {fileID: 5878599885704667059, guid: 14378868b06d6894a800f0822de518e9,
        type: 3}
      propertyPath: m_LocalRotation.w
      value: 1
      objectReference: {fileID: 0}
    - target: {fileID: 5878599885704667059, guid: 14378868b06d6894a800f0822de518e9,
        type: 3}
      propertyPath: m_LocalRotation.x
      value: -0
      objectReference: {fileID: 0}
    - target: {fileID: 5878599885704667059, guid: 14378868b06d6894a800f0822de518e9,
        type: 3}
      propertyPath: m_LocalRotation.y
      value: -0
      objectReference: {fileID: 0}
    - target: {fileID: 5878599885704667059, guid: 14378868b06d6894a800f0822de518e9,
        type: 3}
      propertyPath: m_LocalRotation.z
      value: -0
      objectReference: {fileID: 0}
    - target: {fileID: 5878599885704667059, guid: 14378868b06d6894a800f0822de518e9,
        type: 3}
      propertyPath: m_LocalEulerAnglesHint.x
      value: 0
      objectReference: {fileID: 0}
    - target: {fileID: 5878599885704667059, guid: 14378868b06d6894a800f0822de518e9,
        type: 3}
      propertyPath: m_LocalEulerAnglesHint.y
      value: 0
      objectReference: {fileID: 0}
    - target: {fileID: 5878599885704667059, guid: 14378868b06d6894a800f0822de518e9,
        type: 3}
      propertyPath: m_LocalEulerAnglesHint.z
      value: 0
      objectReference: {fileID: 0}
    - target: {fileID: 5878599885704667068, guid: 14378868b06d6894a800f0822de518e9,
        type: 3}
      propertyPath: m_Name
      value: Obstacle (4)
      objectReference: {fileID: 0}
    m_RemovedComponents: []
  m_SourcePrefab: {fileID: 100100000, guid: 14378868b06d6894a800f0822de518e9, type: 3}
--- !u!4 &472235615 stripped
Transform:
  m_CorrespondingSourceObject: {fileID: 5878599885704667059, guid: 14378868b06d6894a800f0822de518e9,
    type: 3}
  m_PrefabInstance: {fileID: 472235614}
  m_PrefabAsset: {fileID: 0}
--- !u!1001 &521260143
PrefabInstance:
  m_ObjectHideFlags: 0
  serializedVersion: 2
  m_Modification:
    m_TransformParent: {fileID: 822066176}
    m_Modifications:
    - target: {fileID: 5620100080543012297, guid: e75ffcfad74f1d743aa076dc9a406ecc,
        type: 3}
      propertyPath: m_Name
      value: Floor (5)
      objectReference: {fileID: 0}
    - target: {fileID: 5620100080543012299, guid: e75ffcfad74f1d743aa076dc9a406ecc,
        type: 3}
      propertyPath: m_Materials.Array.data[0]
      value: 
      objectReference: {fileID: 2100000, guid: 4877c316b94c3a949ae024a254ea6d6e, type: 2}
    - target: {fileID: 5620100080543012301, guid: e75ffcfad74f1d743aa076dc9a406ecc,
        type: 3}
      propertyPath: m_RootOrder
      value: 4
      objectReference: {fileID: 0}
    - target: {fileID: 5620100080543012301, guid: e75ffcfad74f1d743aa076dc9a406ecc,
        type: 3}
      propertyPath: m_LocalScale.x
      value: 10.496034
      objectReference: {fileID: 0}
    - target: {fileID: 5620100080543012301, guid: e75ffcfad74f1d743aa076dc9a406ecc,
        type: 3}
      propertyPath: m_LocalPosition.x
      value: 50.829998
      objectReference: {fileID: 0}
    - target: {fileID: 5620100080543012301, guid: e75ffcfad74f1d743aa076dc9a406ecc,
        type: 3}
      propertyPath: m_LocalPosition.y
      value: 4.9477e-10
      objectReference: {fileID: 0}
    - target: {fileID: 5620100080543012301, guid: e75ffcfad74f1d743aa076dc9a406ecc,
        type: 3}
      propertyPath: m_LocalPosition.z
      value: -0.04188
      objectReference: {fileID: 0}
    - target: {fileID: 5620100080543012301, guid: e75ffcfad74f1d743aa076dc9a406ecc,
        type: 3}
      propertyPath: m_LocalRotation.w
      value: 1
      objectReference: {fileID: 0}
    - target: {fileID: 5620100080543012301, guid: e75ffcfad74f1d743aa076dc9a406ecc,
        type: 3}
      propertyPath: m_LocalRotation.x
      value: -0
      objectReference: {fileID: 0}
    - target: {fileID: 5620100080543012301, guid: e75ffcfad74f1d743aa076dc9a406ecc,
        type: 3}
      propertyPath: m_LocalRotation.y
      value: -0
      objectReference: {fileID: 0}
    - target: {fileID: 5620100080543012301, guid: e75ffcfad74f1d743aa076dc9a406ecc,
        type: 3}
      propertyPath: m_LocalRotation.z
      value: -0
      objectReference: {fileID: 0}
    - target: {fileID: 5620100080543012301, guid: e75ffcfad74f1d743aa076dc9a406ecc,
        type: 3}
      propertyPath: m_LocalEulerAnglesHint.x
      value: 0
      objectReference: {fileID: 0}
    - target: {fileID: 5620100080543012301, guid: e75ffcfad74f1d743aa076dc9a406ecc,
        type: 3}
      propertyPath: m_LocalEulerAnglesHint.y
      value: 0
      objectReference: {fileID: 0}
    - target: {fileID: 5620100080543012301, guid: e75ffcfad74f1d743aa076dc9a406ecc,
        type: 3}
      propertyPath: m_LocalEulerAnglesHint.z
      value: 0
      objectReference: {fileID: 0}
    m_RemovedComponents: []
  m_SourcePrefab: {fileID: 100100000, guid: e75ffcfad74f1d743aa076dc9a406ecc, type: 3}
--- !u!4 &521260144 stripped
Transform:
  m_CorrespondingSourceObject: {fileID: 5620100080543012301, guid: e75ffcfad74f1d743aa076dc9a406ecc,
    type: 3}
  m_PrefabInstance: {fileID: 521260143}
  m_PrefabAsset: {fileID: 0}
--- !u!1001 &557855339
PrefabInstance:
  m_ObjectHideFlags: 0
  serializedVersion: 2
  m_Modification:
    m_TransformParent: {fileID: 1137514354}
    m_Modifications:
    - target: {fileID: 3937836516165855248, guid: dc880dcb5e8c77a4c84016d44131a0c4,
        type: 3}
      propertyPath: m_Name
      value: Trampoline2 (1)
      objectReference: {fileID: 0}
    - target: {fileID: 3937836516165855253, guid: dc880dcb5e8c77a4c84016d44131a0c4,
        type: 3}
      propertyPath: m_RootOrder
      value: 10
      objectReference: {fileID: 0}
    - target: {fileID: 3937836516165855253, guid: dc880dcb5e8c77a4c84016d44131a0c4,
        type: 3}
      propertyPath: m_LocalScale.y
      value: 0.19999999
      objectReference: {fileID: 0}
    - target: {fileID: 3937836516165855253, guid: dc880dcb5e8c77a4c84016d44131a0c4,
        type: 3}
      propertyPath: m_LocalPosition.x
      value: 32.26
      objectReference: {fileID: 0}
    - target: {fileID: 3937836516165855253, guid: dc880dcb5e8c77a4c84016d44131a0c4,
        type: 3}
      propertyPath: m_LocalPosition.y
      value: 1.1599998
      objectReference: {fileID: 0}
    - target: {fileID: 3937836516165855253, guid: dc880dcb5e8c77a4c84016d44131a0c4,
        type: 3}
      propertyPath: m_LocalPosition.z
      value: 0.011474609
      objectReference: {fileID: 0}
    - target: {fileID: 3937836516165855253, guid: dc880dcb5e8c77a4c84016d44131a0c4,
        type: 3}
      propertyPath: m_LocalRotation.w
      value: 1
      objectReference: {fileID: 0}
    - target: {fileID: 3937836516165855253, guid: dc880dcb5e8c77a4c84016d44131a0c4,
        type: 3}
      propertyPath: m_LocalRotation.x
      value: -0
      objectReference: {fileID: 0}
    - target: {fileID: 3937836516165855253, guid: dc880dcb5e8c77a4c84016d44131a0c4,
        type: 3}
      propertyPath: m_LocalRotation.y
      value: -0
      objectReference: {fileID: 0}
    - target: {fileID: 3937836516165855253, guid: dc880dcb5e8c77a4c84016d44131a0c4,
        type: 3}
      propertyPath: m_LocalRotation.z
      value: -0
      objectReference: {fileID: 0}
    - target: {fileID: 3937836516165855253, guid: dc880dcb5e8c77a4c84016d44131a0c4,
        type: 3}
      propertyPath: m_LocalEulerAnglesHint.x
      value: 0
      objectReference: {fileID: 0}
    - target: {fileID: 3937836516165855253, guid: dc880dcb5e8c77a4c84016d44131a0c4,
        type: 3}
      propertyPath: m_LocalEulerAnglesHint.y
      value: 0
      objectReference: {fileID: 0}
    - target: {fileID: 3937836516165855253, guid: dc880dcb5e8c77a4c84016d44131a0c4,
        type: 3}
      propertyPath: m_LocalEulerAnglesHint.z
      value: 0
      objectReference: {fileID: 0}
    m_RemovedComponents: []
  m_SourcePrefab: {fileID: 100100000, guid: dc880dcb5e8c77a4c84016d44131a0c4, type: 3}
--- !u!4 &557855340 stripped
Transform:
  m_CorrespondingSourceObject: {fileID: 3937836516165855253, guid: dc880dcb5e8c77a4c84016d44131a0c4,
    type: 3}
  m_PrefabInstance: {fileID: 557855339}
  m_PrefabAsset: {fileID: 0}
--- !u!1 &627967016
GameObject:
  m_ObjectHideFlags: 0
  m_CorrespondingSourceObject: {fileID: 0}
  m_PrefabInstance: {fileID: 0}
  m_PrefabAsset: {fileID: 0}
  serializedVersion: 6
  m_Component:
  - component: {fileID: 627967018}
  - component: {fileID: 627967017}
  m_Layer: 0
  m_Name: Directional Light
  m_TagString: Untagged
  m_Icon: {fileID: 0}
  m_NavMeshLayer: 0
  m_StaticEditorFlags: 0
  m_IsActive: 1
--- !u!108 &627967017
Light:
  m_ObjectHideFlags: 0
  m_CorrespondingSourceObject: {fileID: 0}
  m_PrefabInstance: {fileID: 0}
  m_PrefabAsset: {fileID: 0}
  m_GameObject: {fileID: 627967016}
  m_Enabled: 1
  serializedVersion: 10
  m_Type: 1
  m_Shape: 0
  m_Color: {r: 1, g: 0.95686275, b: 0.8392157, a: 1}
  m_Intensity: 1
  m_Range: 10
  m_SpotAngle: 30
  m_InnerSpotAngle: 21.80208
  m_CookieSize: 10
  m_Shadows:
    m_Type: 2
    m_Resolution: -1
    m_CustomResolution: -1
    m_Strength: 1
    m_Bias: 0.05
    m_NormalBias: 0.4
    m_NearPlane: 0.2
    m_CullingMatrixOverride:
      e00: 1
      e01: 0
      e02: 0
      e03: 0
      e10: 0
      e11: 1
      e12: 0
      e13: 0
      e20: 0
      e21: 0
      e22: 1
      e23: 0
      e30: 0
      e31: 0
      e32: 0
      e33: 1
    m_UseCullingMatrixOverride: 0
  m_Cookie: {fileID: 0}
  m_DrawHalo: 0
  m_Flare: {fileID: 0}
  m_RenderMode: 0
  m_CullingMask:
    serializedVersion: 2
    m_Bits: 4294967295
  m_RenderingLayerMask: 1
  m_Lightmapping: 4
  m_LightShadowCasterMode: 0
  m_AreaSize: {x: 1, y: 1}
  m_BounceIntensity: 1
  m_ColorTemperature: 6570
  m_UseColorTemperature: 0
  m_BoundingSphereOverride: {x: 0, y: 0, z: 0, w: 0}
  m_UseBoundingSphereOverride: 0
  m_UseViewFrustumForShadowCasterCull: 1
  m_ShadowRadius: 0
  m_ShadowAngle: 0
--- !u!4 &627967018
Transform:
  m_ObjectHideFlags: 0
  m_CorrespondingSourceObject: {fileID: 0}
  m_PrefabInstance: {fileID: 0}
  m_PrefabAsset: {fileID: 0}
  m_GameObject: {fileID: 627967016}
  m_LocalRotation: {x: 0.40821788, y: -0.23456968, z: 0.10938163, w: 0.8754261}
  m_LocalPosition: {x: 0, y: 3, z: 0}
  m_LocalScale: {x: 1, y: 1, z: 1}
  m_Children: []
  m_Father: {fileID: 0}
  m_RootOrder: 1
  m_LocalEulerAnglesHint: {x: 50, y: -30, z: 0}
--- !u!1001 &682228145
PrefabInstance:
  m_ObjectHideFlags: 0
  serializedVersion: 2
  m_Modification:
    m_TransformParent: {fileID: 1137514354}
    m_Modifications:
    - target: {fileID: 6867297054333969162, guid: 5d7c7486aa201204597addb3bc5839d3,
        type: 3}
      propertyPath: m_Name
      value: Trampoline (3)
      objectReference: {fileID: 0}
    - target: {fileID: 6867297054333969167, guid: 5d7c7486aa201204597addb3bc5839d3,
        type: 3}
      propertyPath: m_RootOrder
      value: 11
      objectReference: {fileID: 0}
    - target: {fileID: 6867297054333969167, guid: 5d7c7486aa201204597addb3bc5839d3,
        type: 3}
      propertyPath: m_LocalScale.y
      value: 0.19999999
      objectReference: {fileID: 0}
    - target: {fileID: 6867297054333969167, guid: 5d7c7486aa201204597addb3bc5839d3,
        type: 3}
      propertyPath: m_LocalPosition.x
      value: 55.414997
      objectReference: {fileID: 0}
    - target: {fileID: 6867297054333969167, guid: 5d7c7486aa201204597addb3bc5839d3,
        type: 3}
      propertyPath: m_LocalPosition.y
      value: 1.1599998
      objectReference: {fileID: 0}
    - target: {fileID: 6867297054333969167, guid: 5d7c7486aa201204597addb3bc5839d3,
        type: 3}
      propertyPath: m_LocalPosition.z
      value: 0
      objectReference: {fileID: 0}
    - target: {fileID: 6867297054333969167, guid: 5d7c7486aa201204597addb3bc5839d3,
        type: 3}
      propertyPath: m_LocalRotation.w
      value: 1
      objectReference: {fileID: 0}
    - target: {fileID: 6867297054333969167, guid: 5d7c7486aa201204597addb3bc5839d3,
        type: 3}
      propertyPath: m_LocalRotation.x
      value: -0
      objectReference: {fileID: 0}
    - target: {fileID: 6867297054333969167, guid: 5d7c7486aa201204597addb3bc5839d3,
        type: 3}
      propertyPath: m_LocalRotation.y
      value: -0
      objectReference: {fileID: 0}
    - target: {fileID: 6867297054333969167, guid: 5d7c7486aa201204597addb3bc5839d3,
        type: 3}
      propertyPath: m_LocalRotation.z
      value: -0
      objectReference: {fileID: 0}
    - target: {fileID: 6867297054333969167, guid: 5d7c7486aa201204597addb3bc5839d3,
        type: 3}
      propertyPath: m_LocalEulerAnglesHint.x
      value: 0
      objectReference: {fileID: 0}
    - target: {fileID: 6867297054333969167, guid: 5d7c7486aa201204597addb3bc5839d3,
        type: 3}
      propertyPath: m_LocalEulerAnglesHint.y
      value: 0
      objectReference: {fileID: 0}
    - target: {fileID: 6867297054333969167, guid: 5d7c7486aa201204597addb3bc5839d3,
        type: 3}
      propertyPath: m_LocalEulerAnglesHint.z
      value: 0
      objectReference: {fileID: 0}
    m_RemovedComponents: []
  m_SourcePrefab: {fileID: 100100000, guid: 5d7c7486aa201204597addb3bc5839d3, type: 3}
--- !u!4 &682228146 stripped
Transform:
  m_CorrespondingSourceObject: {fileID: 6867297054333969167, guid: 5d7c7486aa201204597addb3bc5839d3,
    type: 3}
  m_PrefabInstance: {fileID: 682228145}
  m_PrefabAsset: {fileID: 0}
--- !u!1 &822066175
GameObject:
  m_ObjectHideFlags: 0
  m_CorrespondingSourceObject: {fileID: 0}
  m_PrefabInstance: {fileID: 0}
  m_PrefabAsset: {fileID: 0}
  serializedVersion: 6
  m_Component:
  - component: {fileID: 822066176}
  m_Layer: 0
  m_Name: LevelObjects
  m_TagString: Untagged
  m_Icon: {fileID: 0}
  m_NavMeshLayer: 0
  m_StaticEditorFlags: 0
  m_IsActive: 1
--- !u!4 &822066176
Transform:
  m_ObjectHideFlags: 0
  m_CorrespondingSourceObject: {fileID: 0}
  m_PrefabInstance: {fileID: 0}
  m_PrefabAsset: {fileID: 0}
  m_GameObject: {fileID: 822066175}
  m_LocalRotation: {x: 0, y: 0, z: 0, w: 1}
  m_LocalPosition: {x: 0, y: 0, z: 0}
  m_LocalScale: {x: 1, y: 1, z: 1}
  m_Children:
  - {fileID: 183525753}
  - {fileID: 2045261498}
  - {fileID: 1883095497}
  - {fileID: 2056147493}
  - {fileID: 521260144}
  - {fileID: 446274871}
  - {fileID: 1401193644}
  - {fileID: 1457104608}
  - {fileID: 1200425310}
  m_Father: {fileID: 0}
  m_RootOrder: 0
  m_LocalEulerAnglesHint: {x: 0, y: 0, z: 0}
--- !u!1001 &851819631
PrefabInstance:
  m_ObjectHideFlags: 0
  serializedVersion: 2
  m_Modification:
    m_TransformParent: {fileID: 1137514354}
    m_Modifications:
    - target: {fileID: 3937836516165855248, guid: dc880dcb5e8c77a4c84016d44131a0c4,
        type: 3}
      propertyPath: m_Name
      value: Trampoline2
      objectReference: {fileID: 0}
    - target: {fileID: 3937836516165855253, guid: dc880dcb5e8c77a4c84016d44131a0c4,
        type: 3}
      propertyPath: m_RootOrder
      value: 7
      objectReference: {fileID: 0}
    - target: {fileID: 3937836516165855253, guid: dc880dcb5e8c77a4c84016d44131a0c4,
        type: 3}
      propertyPath: m_LocalScale.y
      value: 0.19999999
      objectReference: {fileID: 0}
    - target: {fileID: 3937836516165855253, guid: dc880dcb5e8c77a4c84016d44131a0c4,
        type: 3}
      propertyPath: m_LocalPosition.x
      value: 0.17000008
      objectReference: {fileID: 0}
    - target: {fileID: 3937836516165855253, guid: dc880dcb5e8c77a4c84016d44131a0c4,
        type: 3}
      propertyPath: m_LocalPosition.y
      value: 1.1599998
      objectReference: {fileID: 0}
    - target: {fileID: 3937836516165855253, guid: dc880dcb5e8c77a4c84016d44131a0c4,
        type: 3}
      propertyPath: m_LocalPosition.z
      value: 0.011474609
      objectReference: {fileID: 0}
    - target: {fileID: 3937836516165855253, guid: dc880dcb5e8c77a4c84016d44131a0c4,
        type: 3}
      propertyPath: m_LocalRotation.w
      value: 1
      objectReference: {fileID: 0}
    - target: {fileID: 3937836516165855253, guid: dc880dcb5e8c77a4c84016d44131a0c4,
        type: 3}
      propertyPath: m_LocalRotation.x
      value: -0
      objectReference: {fileID: 0}
    - target: {fileID: 3937836516165855253, guid: dc880dcb5e8c77a4c84016d44131a0c4,
        type: 3}
      propertyPath: m_LocalRotation.y
      value: -0
      objectReference: {fileID: 0}
    - target: {fileID: 3937836516165855253, guid: dc880dcb5e8c77a4c84016d44131a0c4,
        type: 3}
      propertyPath: m_LocalRotation.z
      value: -0
      objectReference: {fileID: 0}
    - target: {fileID: 3937836516165855253, guid: dc880dcb5e8c77a4c84016d44131a0c4,
        type: 3}
      propertyPath: m_LocalEulerAnglesHint.x
      value: 0
      objectReference: {fileID: 0}
    - target: {fileID: 3937836516165855253, guid: dc880dcb5e8c77a4c84016d44131a0c4,
        type: 3}
      propertyPath: m_LocalEulerAnglesHint.y
      value: 0
      objectReference: {fileID: 0}
    - target: {fileID: 3937836516165855253, guid: dc880dcb5e8c77a4c84016d44131a0c4,
        type: 3}
      propertyPath: m_LocalEulerAnglesHint.z
      value: 0
      objectReference: {fileID: 0}
    m_RemovedComponents: []
  m_SourcePrefab: {fileID: 100100000, guid: dc880dcb5e8c77a4c84016d44131a0c4, type: 3}
--- !u!4 &851819632 stripped
Transform:
  m_CorrespondingSourceObject: {fileID: 3937836516165855253, guid: dc880dcb5e8c77a4c84016d44131a0c4,
    type: 3}
  m_PrefabInstance: {fileID: 851819631}
  m_PrefabAsset: {fileID: 0}
--- !u!1001 &1122507313
PrefabInstance:
  m_ObjectHideFlags: 0
  serializedVersion: 2
  m_Modification:
    m_TransformParent: {fileID: 1137514354}
    m_Modifications:
    - target: {fileID: 6867297054333969162, guid: 5d7c7486aa201204597addb3bc5839d3,
        type: 3}
      propertyPath: m_Name
      value: Trampoline (1)
      objectReference: {fileID: 0}
    - target: {fileID: 6867297054333969167, guid: 5d7c7486aa201204597addb3bc5839d3,
        type: 3}
      propertyPath: m_RootOrder
      value: 8
      objectReference: {fileID: 0}
    - target: {fileID: 6867297054333969167, guid: 5d7c7486aa201204597addb3bc5839d3,
        type: 3}
      propertyPath: m_LocalScale.y
      value: 0.19999999
      objectReference: {fileID: 0}
    - target: {fileID: 6867297054333969167, guid: 5d7c7486aa201204597addb3bc5839d3,
        type: 3}
      propertyPath: m_LocalPosition.x
      value: -1.17
      objectReference: {fileID: 0}
    - target: {fileID: 6867297054333969167, guid: 5d7c7486aa201204597addb3bc5839d3,
        type: 3}
      propertyPath: m_LocalPosition.y
      value: 1.1599998
      objectReference: {fileID: 0}
    - target: {fileID: 6867297054333969167, guid: 5d7c7486aa201204597addb3bc5839d3,
        type: 3}
      propertyPath: m_LocalPosition.z
      value: 0.011474609
      objectReference: {fileID: 0}
    - target: {fileID: 6867297054333969167, guid: 5d7c7486aa201204597addb3bc5839d3,
        type: 3}
      propertyPath: m_LocalRotation.w
      value: 1
      objectReference: {fileID: 0}
    - target: {fileID: 6867297054333969167, guid: 5d7c7486aa201204597addb3bc5839d3,
        type: 3}
      propertyPath: m_LocalRotation.x
      value: -0
      objectReference: {fileID: 0}
    - target: {fileID: 6867297054333969167, guid: 5d7c7486aa201204597addb3bc5839d3,
        type: 3}
      propertyPath: m_LocalRotation.y
      value: -0
      objectReference: {fileID: 0}
    - target: {fileID: 6867297054333969167, guid: 5d7c7486aa201204597addb3bc5839d3,
        type: 3}
      propertyPath: m_LocalRotation.z
      value: -0
      objectReference: {fileID: 0}
    - target: {fileID: 6867297054333969167, guid: 5d7c7486aa201204597addb3bc5839d3,
        type: 3}
      propertyPath: m_LocalEulerAnglesHint.x
      value: 0
      objectReference: {fileID: 0}
    - target: {fileID: 6867297054333969167, guid: 5d7c7486aa201204597addb3bc5839d3,
        type: 3}
      propertyPath: m_LocalEulerAnglesHint.y
      value: 0
      objectReference: {fileID: 0}
    - target: {fileID: 6867297054333969167, guid: 5d7c7486aa201204597addb3bc5839d3,
        type: 3}
      propertyPath: m_LocalEulerAnglesHint.z
      value: 0
      objectReference: {fileID: 0}
    m_RemovedComponents: []
  m_SourcePrefab: {fileID: 100100000, guid: 5d7c7486aa201204597addb3bc5839d3, type: 3}
--- !u!4 &1122507314 stripped
Transform:
  m_CorrespondingSourceObject: {fileID: 6867297054333969167, guid: 5d7c7486aa201204597addb3bc5839d3,
    type: 3}
  m_PrefabInstance: {fileID: 1122507313}
  m_PrefabAsset: {fileID: 0}
--- !u!1 &1137514353
GameObject:
  m_ObjectHideFlags: 0
  m_CorrespondingSourceObject: {fileID: 0}
  m_PrefabInstance: {fileID: 0}
  m_PrefabAsset: {fileID: 0}
  serializedVersion: 6
  m_Component:
  - component: {fileID: 1137514354}
  m_Layer: 0
  m_Name: ImportantObjects
  m_TagString: Untagged
  m_Icon: {fileID: 0}
  m_NavMeshLayer: 0
  m_StaticEditorFlags: 0
  m_IsActive: 1
--- !u!4 &1137514354
Transform:
  m_ObjectHideFlags: 0
  m_CorrespondingSourceObject: {fileID: 0}
  m_PrefabInstance: {fileID: 0}
  m_PrefabAsset: {fileID: 0}
  m_GameObject: {fileID: 1137514353}
  m_LocalRotation: {x: 0, y: 0, z: 0, w: 1}
  m_LocalPosition: {x: 0, y: 0, z: 0}
  m_LocalScale: {x: 1, y: 1, z: 1}
  m_Children:
  - {fileID: 37867429}
  - {fileID: 173013073}
  - {fileID: 1789771067}
  - {fileID: 416778857}
  - {fileID: 2092275266}
  - {fileID: 250804805}
  - {fileID: 472235615}
  - {fileID: 851819632}
  - {fileID: 1122507314}
  - {fileID: 119978246}
  - {fileID: 557855340}
  - {fileID: 682228146}
  - {fileID: 2005012327}
  m_Father: {fileID: 0}
  m_RootOrder: 2
  m_LocalEulerAnglesHint: {x: 0, y: 0, z: 0}
--- !u!1001 &1200425309
PrefabInstance:
  m_ObjectHideFlags: 0
  serializedVersion: 2
  m_Modification:
    m_TransformParent: {fileID: 822066176}
    m_Modifications:
    - target: {fileID: 1992632755488242778, guid: 4f559d9abd1579144a40b6b4b9281ee7,
        type: 3}
      propertyPath: m_RootOrder
      value: 8
      objectReference: {fileID: 0}
    - target: {fileID: 1992632755488242778, guid: 4f559d9abd1579144a40b6b4b9281ee7,
        type: 3}
      propertyPath: m_LocalPosition.x
      value: 100.366
      objectReference: {fileID: 0}
    - target: {fileID: 1992632755488242778, guid: 4f559d9abd1579144a40b6b4b9281ee7,
        type: 3}
      propertyPath: m_LocalPosition.y
      value: 2
      objectReference: {fileID: 0}
    - target: {fileID: 1992632755488242778, guid: 4f559d9abd1579144a40b6b4b9281ee7,
        type: 3}
      propertyPath: m_LocalPosition.z
      value: -0.04188
      objectReference: {fileID: 0}
    - target: {fileID: 1992632755488242778, guid: 4f559d9abd1579144a40b6b4b9281ee7,
        type: 3}
      propertyPath: m_LocalRotation.w
      value: 1
      objectReference: {fileID: 0}
    - target: {fileID: 1992632755488242778, guid: 4f559d9abd1579144a40b6b4b9281ee7,
        type: 3}
      propertyPath: m_LocalRotation.x
      value: -0
      objectReference: {fileID: 0}
    - target: {fileID: 1992632755488242778, guid: 4f559d9abd1579144a40b6b4b9281ee7,
        type: 3}
      propertyPath: m_LocalRotation.y
      value: -0
      objectReference: {fileID: 0}
    - target: {fileID: 1992632755488242778, guid: 4f559d9abd1579144a40b6b4b9281ee7,
        type: 3}
      propertyPath: m_LocalRotation.z
      value: -0
      objectReference: {fileID: 0}
    - target: {fileID: 1992632755488242778, guid: 4f559d9abd1579144a40b6b4b9281ee7,
        type: 3}
      propertyPath: m_LocalEulerAnglesHint.x
      value: 0
      objectReference: {fileID: 0}
    - target: {fileID: 1992632755488242778, guid: 4f559d9abd1579144a40b6b4b9281ee7,
        type: 3}
      propertyPath: m_LocalEulerAnglesHint.y
      value: 0
      objectReference: {fileID: 0}
    - target: {fileID: 1992632755488242778, guid: 4f559d9abd1579144a40b6b4b9281ee7,
        type: 3}
      propertyPath: m_LocalEulerAnglesHint.z
      value: 0
      objectReference: {fileID: 0}
    - target: {fileID: 1992632755488242780, guid: 4f559d9abd1579144a40b6b4b9281ee7,
        type: 3}
      propertyPath: m_Materials.Array.data[0]
      value: 
      objectReference: {fileID: 2100000, guid: 4877c316b94c3a949ae024a254ea6d6e, type: 2}
    - target: {fileID: 1992632755488242782, guid: 4f559d9abd1579144a40b6b4b9281ee7,
        type: 3}
      propertyPath: m_Name
      value: Wall (1)
      objectReference: {fileID: 0}
    - target: {fileID: 1992632755488242782, guid: 4f559d9abd1579144a40b6b4b9281ee7,
        type: 3}
      propertyPath: m_IsActive
      value: 1
      objectReference: {fileID: 0}
    m_RemovedComponents: []
  m_SourcePrefab: {fileID: 100100000, guid: 4f559d9abd1579144a40b6b4b9281ee7, type: 3}
--- !u!4 &1200425310 stripped
Transform:
  m_CorrespondingSourceObject: {fileID: 1992632755488242778, guid: 4f559d9abd1579144a40b6b4b9281ee7,
    type: 3}
  m_PrefabInstance: {fileID: 1200425309}
  m_PrefabAsset: {fileID: 0}
--- !u!1001 &1401193643
PrefabInstance:
  m_ObjectHideFlags: 0
  serializedVersion: 2
  m_Modification:
    m_TransformParent: {fileID: 822066176}
    m_Modifications:
    - target: {fileID: 5620100080543012297, guid: e75ffcfad74f1d743aa076dc9a406ecc,
        type: 3}
      propertyPath: m_Name
      value: Floor (7)
      objectReference: {fileID: 0}
    - target: {fileID: 5620100080543012299, guid: e75ffcfad74f1d743aa076dc9a406ecc,
        type: 3}
      propertyPath: m_Materials.Array.data[0]
      value: 
      objectReference: {fileID: 2100000, guid: 4877c316b94c3a949ae024a254ea6d6e, type: 2}
    - target: {fileID: 5620100080543012301, guid: e75ffcfad74f1d743aa076dc9a406ecc,
        type: 3}
      propertyPath: m_RootOrder
      value: 6
      objectReference: {fileID: 0}
    - target: {fileID: 5620100080543012301, guid: e75ffcfad74f1d743aa076dc9a406ecc,
        type: 3}
      propertyPath: m_LocalScale.x
      value: 5.5551386
      objectReference: {fileID: 0}
    - target: {fileID: 5620100080543012301, guid: e75ffcfad74f1d743aa076dc9a406ecc,
        type: 3}
      propertyPath: m_LocalPosition.x
      value: 87.042
      objectReference: {fileID: 0}
    - target: {fileID: 5620100080543012301, guid: e75ffcfad74f1d743aa076dc9a406ecc,
        type: 3}
      propertyPath: m_LocalPosition.y
      value: 4.9477e-10
      objectReference: {fileID: 0}
    - target: {fileID: 5620100080543012301, guid: e75ffcfad74f1d743aa076dc9a406ecc,
        type: 3}
      propertyPath: m_LocalPosition.z
      value: -0.04188
      objectReference: {fileID: 0}
    - target: {fileID: 5620100080543012301, guid: e75ffcfad74f1d743aa076dc9a406ecc,
        type: 3}
      propertyPath: m_LocalRotation.w
      value: 1
      objectReference: {fileID: 0}
    - target: {fileID: 5620100080543012301, guid: e75ffcfad74f1d743aa076dc9a406ecc,
        type: 3}
      propertyPath: m_LocalRotation.x
      value: -0
      objectReference: {fileID: 0}
    - target: {fileID: 5620100080543012301, guid: e75ffcfad74f1d743aa076dc9a406ecc,
        type: 3}
      propertyPath: m_LocalRotation.y
      value: -0
      objectReference: {fileID: 0}
    - target: {fileID: 5620100080543012301, guid: e75ffcfad74f1d743aa076dc9a406ecc,
        type: 3}
      propertyPath: m_LocalRotation.z
      value: -0
      objectReference: {fileID: 0}
    - target: {fileID: 5620100080543012301, guid: e75ffcfad74f1d743aa076dc9a406ecc,
        type: 3}
      propertyPath: m_LocalEulerAnglesHint.x
      value: 0
      objectReference: {fileID: 0}
    - target: {fileID: 5620100080543012301, guid: e75ffcfad74f1d743aa076dc9a406ecc,
        type: 3}
      propertyPath: m_LocalEulerAnglesHint.y
      value: 0
      objectReference: {fileID: 0}
    - target: {fileID: 5620100080543012301, guid: e75ffcfad74f1d743aa076dc9a406ecc,
        type: 3}
      propertyPath: m_LocalEulerAnglesHint.z
      value: 0
      objectReference: {fileID: 0}
    m_RemovedComponents: []
  m_SourcePrefab: {fileID: 100100000, guid: e75ffcfad74f1d743aa076dc9a406ecc, type: 3}
--- !u!4 &1401193644 stripped
Transform:
  m_CorrespondingSourceObject: {fileID: 5620100080543012301, guid: e75ffcfad74f1d743aa076dc9a406ecc,
    type: 3}
  m_PrefabInstance: {fileID: 1401193643}
  m_PrefabAsset: {fileID: 0}
--- !u!1001 &1457104607
PrefabInstance:
  m_ObjectHideFlags: 0
  serializedVersion: 2
  m_Modification:
    m_TransformParent: {fileID: 822066176}
    m_Modifications:
    - target: {fileID: 5620100080543012297, guid: e75ffcfad74f1d743aa076dc9a406ecc,
        type: 3}
      propertyPath: m_Name
      value: Floor (8)
      objectReference: {fileID: 0}
    - target: {fileID: 5620100080543012299, guid: e75ffcfad74f1d743aa076dc9a406ecc,
        type: 3}
      propertyPath: m_Materials.Array.data[0]
      value: 
      objectReference: {fileID: 2100000, guid: 4877c316b94c3a949ae024a254ea6d6e, type: 2}
    - target: {fileID: 5620100080543012301, guid: e75ffcfad74f1d743aa076dc9a406ecc,
        type: 3}
      propertyPath: m_RootOrder
      value: 7
      objectReference: {fileID: 0}
    - target: {fileID: 5620100080543012301, guid: e75ffcfad74f1d743aa076dc9a406ecc,
        type: 3}
      propertyPath: m_LocalScale.x
      value: 5.5551386
      objectReference: {fileID: 0}
    - target: {fileID: 5620100080543012301, guid: e75ffcfad74f1d743aa076dc9a406ecc,
        type: 3}
      propertyPath: m_LocalPosition.x
      value: 96.588
      objectReference: {fileID: 0}
    - target: {fileID: 5620100080543012301, guid: e75ffcfad74f1d743aa076dc9a406ecc,
        type: 3}
      propertyPath: m_LocalPosition.y
      value: 4.9477e-10
      objectReference: {fileID: 0}
    - target: {fileID: 5620100080543012301, guid: e75ffcfad74f1d743aa076dc9a406ecc,
        type: 3}
      propertyPath: m_LocalPosition.z
      value: -0.04188
      objectReference: {fileID: 0}
    - target: {fileID: 5620100080543012301, guid: e75ffcfad74f1d743aa076dc9a406ecc,
        type: 3}
      propertyPath: m_LocalRotation.w
      value: 1
      objectReference: {fileID: 0}
    - target: {fileID: 5620100080543012301, guid: e75ffcfad74f1d743aa076dc9a406ecc,
        type: 3}
      propertyPath: m_LocalRotation.x
      value: -0
      objectReference: {fileID: 0}
    - target: {fileID: 5620100080543012301, guid: e75ffcfad74f1d743aa076dc9a406ecc,
        type: 3}
      propertyPath: m_LocalRotation.y
      value: -0
      objectReference: {fileID: 0}
    - target: {fileID: 5620100080543012301, guid: e75ffcfad74f1d743aa076dc9a406ecc,
        type: 3}
      propertyPath: m_LocalRotation.z
      value: -0
      objectReference: {fileID: 0}
    - target: {fileID: 5620100080543012301, guid: e75ffcfad74f1d743aa076dc9a406ecc,
        type: 3}
      propertyPath: m_LocalEulerAnglesHint.x
      value: 0
      objectReference: {fileID: 0}
    - target: {fileID: 5620100080543012301, guid: e75ffcfad74f1d743aa076dc9a406ecc,
        type: 3}
      propertyPath: m_LocalEulerAnglesHint.y
      value: 0
      objectReference: {fileID: 0}
    - target: {fileID: 5620100080543012301, guid: e75ffcfad74f1d743aa076dc9a406ecc,
        type: 3}
      propertyPath: m_LocalEulerAnglesHint.z
      value: 0
      objectReference: {fileID: 0}
    m_RemovedComponents: []
  m_SourcePrefab: {fileID: 100100000, guid: e75ffcfad74f1d743aa076dc9a406ecc, type: 3}
--- !u!4 &1457104608 stripped
Transform:
  m_CorrespondingSourceObject: {fileID: 5620100080543012301, guid: e75ffcfad74f1d743aa076dc9a406ecc,
    type: 3}
  m_PrefabInstance: {fileID: 1457104607}
  m_PrefabAsset: {fileID: 0}
--- !u!1001 &1749986693
PrefabInstance:
  m_ObjectHideFlags: 0
  serializedVersion: 2
  m_Modification:
    m_TransformParent: {fileID: 0}
    m_Modifications:
    - target: {fileID: 962825149529644804, guid: 650a173050a34bd45b7aeb96bc3d013c,
        type: 3}
      propertyPath: m_LocalPosition.y
      value: 1
      objectReference: {fileID: 0}
    - target: {fileID: 2572899783855691985, guid: 650a173050a34bd45b7aeb96bc3d013c,
        type: 3}
      propertyPath: m_LocalPosition.x
      value: -18.08
      objectReference: {fileID: 0}
    - target: {fileID: 2572899783855691985, guid: 650a173050a34bd45b7aeb96bc3d013c,
        type: 3}
      propertyPath: m_LocalPosition.y
      value: 1
      objectReference: {fileID: 0}
    - target: {fileID: 2572899784015014196, guid: 650a173050a34bd45b7aeb96bc3d013c,
        type: 3}
      propertyPath: _levelPresetOfThisLevel
      value: 
      objectReference: {fileID: 11400000, guid: 36db6097735f44c4fa8c8aa5457c1aa9,
        type: 2}
    - target: {fileID: 2932798842782865755, guid: 650a173050a34bd45b7aeb96bc3d013c,
        type: 3}
      propertyPath: m_LocalPosition.x
      value: 97.21
      objectReference: {fileID: 0}
    - target: {fileID: 2932798842782865755, guid: 650a173050a34bd45b7aeb96bc3d013c,
        type: 3}
      propertyPath: m_LocalPosition.y
      value: 1.55
      objectReference: {fileID: 0}
    - target: {fileID: 5201647528294460318, guid: 650a173050a34bd45b7aeb96bc3d013c,
        type: 3}
      propertyPath: m_Name
      value: LevelEssentials
      objectReference: {fileID: 0}
    - target: {fileID: 9019142853456843210, guid: 650a173050a34bd45b7aeb96bc3d013c,
        type: 3}
      propertyPath: m_RootOrder
      value: 3
      objectReference: {fileID: 0}
    - target: {fileID: 9019142853456843210, guid: 650a173050a34bd45b7aeb96bc3d013c,
        type: 3}
      propertyPath: m_LocalPosition.x
      value: 0.82014894
      objectReference: {fileID: 0}
    - target: {fileID: 9019142853456843210, guid: 650a173050a34bd45b7aeb96bc3d013c,
        type: 3}
      propertyPath: m_LocalPosition.y
      value: 0
      objectReference: {fileID: 0}
    - target: {fileID: 9019142853456843210, guid: 650a173050a34bd45b7aeb96bc3d013c,
        type: 3}
      propertyPath: m_LocalPosition.z
      value: -23.655233
      objectReference: {fileID: 0}
    - target: {fileID: 9019142853456843210, guid: 650a173050a34bd45b7aeb96bc3d013c,
        type: 3}
      propertyPath: m_LocalRotation.w
      value: 1
      objectReference: {fileID: 0}
    - target: {fileID: 9019142853456843210, guid: 650a173050a34bd45b7aeb96bc3d013c,
        type: 3}
      propertyPath: m_LocalRotation.x
      value: 0
      objectReference: {fileID: 0}
    - target: {fileID: 9019142853456843210, guid: 650a173050a34bd45b7aeb96bc3d013c,
        type: 3}
      propertyPath: m_LocalRotation.y
      value: 0
      objectReference: {fileID: 0}
    - target: {fileID: 9019142853456843210, guid: 650a173050a34bd45b7aeb96bc3d013c,
        type: 3}
      propertyPath: m_LocalRotation.z
      value: 0
      objectReference: {fileID: 0}
    - target: {fileID: 9019142853456843210, guid: 650a173050a34bd45b7aeb96bc3d013c,
        type: 3}
      propertyPath: m_LocalEulerAnglesHint.x
      value: 0
      objectReference: {fileID: 0}
    - target: {fileID: 9019142853456843210, guid: 650a173050a34bd45b7aeb96bc3d013c,
        type: 3}
      propertyPath: m_LocalEulerAnglesHint.y
      value: 0
      objectReference: {fileID: 0}
    - target: {fileID: 9019142853456843210, guid: 650a173050a34bd45b7aeb96bc3d013c,
        type: 3}
      propertyPath: m_LocalEulerAnglesHint.z
      value: 0
      objectReference: {fileID: 0}
    m_RemovedComponents: []
  m_SourcePrefab: {fileID: 100100000, guid: 650a173050a34bd45b7aeb96bc3d013c, type: 3}
--- !u!1001 &1789771066
PrefabInstance:
  m_ObjectHideFlags: 0
  serializedVersion: 2
  m_Modification:
    m_TransformParent: {fileID: 1137514354}
    m_Modifications:
    - target: {fileID: 7539256165176281093, guid: 60e1a99da3d9b124b9c7e88033fc0850,
        type: 3}
      propertyPath: m_RootOrder
      value: 2
      objectReference: {fileID: 0}
    - target: {fileID: 7539256165176281093, guid: 60e1a99da3d9b124b9c7e88033fc0850,
        type: 3}
      propertyPath: m_LocalScale.x
      value: 171.01169
      objectReference: {fileID: 0}
    - target: {fileID: 7539256165176281093, guid: 60e1a99da3d9b124b9c7e88033fc0850,
        type: 3}
      propertyPath: m_LocalPosition.x
      value: 25.905
      objectReference: {fileID: 0}
    - target: {fileID: 7539256165176281093, guid: 60e1a99da3d9b124b9c7e88033fc0850,
        type: 3}
      propertyPath: m_LocalPosition.y
      value: -8.439999
      objectReference: {fileID: 0}
    - target: {fileID: 7539256165176281093, guid: 60e1a99da3d9b124b9c7e88033fc0850,
        type: 3}
      propertyPath: m_LocalPosition.z
      value: 0
      objectReference: {fileID: 0}
    - target: {fileID: 7539256165176281093, guid: 60e1a99da3d9b124b9c7e88033fc0850,
        type: 3}
      propertyPath: m_LocalRotation.w
      value: 1
      objectReference: {fileID: 0}
    - target: {fileID: 7539256165176281093, guid: 60e1a99da3d9b124b9c7e88033fc0850,
        type: 3}
      propertyPath: m_LocalRotation.x
      value: -0
      objectReference: {fileID: 0}
    - target: {fileID: 7539256165176281093, guid: 60e1a99da3d9b124b9c7e88033fc0850,
        type: 3}
      propertyPath: m_LocalRotation.y
      value: -0
      objectReference: {fileID: 0}
    - target: {fileID: 7539256165176281093, guid: 60e1a99da3d9b124b9c7e88033fc0850,
        type: 3}
      propertyPath: m_LocalRotation.z
      value: -0
      objectReference: {fileID: 0}
    - target: {fileID: 7539256165176281093, guid: 60e1a99da3d9b124b9c7e88033fc0850,
        type: 3}
      propertyPath: m_LocalEulerAnglesHint.x
      value: 0
      objectReference: {fileID: 0}
    - target: {fileID: 7539256165176281093, guid: 60e1a99da3d9b124b9c7e88033fc0850,
        type: 3}
      propertyPath: m_LocalEulerAnglesHint.y
      value: 0
      objectReference: {fileID: 0}
    - target: {fileID: 7539256165176281093, guid: 60e1a99da3d9b124b9c7e88033fc0850,
        type: 3}
      propertyPath: m_LocalEulerAnglesHint.z
      value: 0
      objectReference: {fileID: 0}
    - target: {fileID: 7539256165176281098, guid: 60e1a99da3d9b124b9c7e88033fc0850,
        type: 3}
      propertyPath: m_Name
      value: BottomObstacle
      objectReference: {fileID: 0}
    m_RemovedComponents: []
  m_SourcePrefab: {fileID: 100100000, guid: 60e1a99da3d9b124b9c7e88033fc0850, type: 3}
--- !u!4 &1789771067 stripped
Transform:
  m_CorrespondingSourceObject: {fileID: 7539256165176281093, guid: 60e1a99da3d9b124b9c7e88033fc0850,
    type: 3}
  m_PrefabInstance: {fileID: 1789771066}
  m_PrefabAsset: {fileID: 0}
--- !u!1001 &1883095496
PrefabInstance:
  m_ObjectHideFlags: 0
  serializedVersion: 2
  m_Modification:
    m_TransformParent: {fileID: 822066176}
    m_Modifications:
    - target: {fileID: 5620100080543012297, guid: e75ffcfad74f1d743aa076dc9a406ecc,
        type: 3}
      propertyPath: m_Name
      value: Floor (3)
      objectReference: {fileID: 0}
    - target: {fileID: 5620100080543012299, guid: e75ffcfad74f1d743aa076dc9a406ecc,
        type: 3}
      propertyPath: m_Materials.Array.data[0]
      value: 
      objectReference: {fileID: 2100000, guid: 4877c316b94c3a949ae024a254ea6d6e, type: 2}
    - target: {fileID: 5620100080543012301, guid: e75ffcfad74f1d743aa076dc9a406ecc,
        type: 3}
      propertyPath: m_RootOrder
      value: 2
      objectReference: {fileID: 0}
    - target: {fileID: 5620100080543012301, guid: e75ffcfad74f1d743aa076dc9a406ecc,
        type: 3}
      propertyPath: m_LocalScale.x
      value: 8.094382
      objectReference: {fileID: 0}
    - target: {fileID: 5620100080543012301, guid: e75ffcfad74f1d743aa076dc9a406ecc,
        type: 3}
      propertyPath: m_LocalScale.y
      value: 0.994048
      objectReference: {fileID: 0}
    - target: {fileID: 5620100080543012301, guid: e75ffcfad74f1d743aa076dc9a406ecc,
        type: 3}
      propertyPath: m_LocalPosition.x
      value: 7.802
      objectReference: {fileID: 0}
    - target: {fileID: 5620100080543012301, guid: e75ffcfad74f1d743aa076dc9a406ecc,
        type: 3}
      propertyPath: m_LocalPosition.y
      value: 0.002976
      objectReference: {fileID: 0}
    - target: {fileID: 5620100080543012301, guid: e75ffcfad74f1d743aa076dc9a406ecc,
        type: 3}
      propertyPath: m_LocalPosition.z
      value: -0.04188
      objectReference: {fileID: 0}
    - target: {fileID: 5620100080543012301, guid: e75ffcfad74f1d743aa076dc9a406ecc,
        type: 3}
      propertyPath: m_LocalRotation.w
      value: 1
      objectReference: {fileID: 0}
    - target: {fileID: 5620100080543012301, guid: e75ffcfad74f1d743aa076dc9a406ecc,
        type: 3}
      propertyPath: m_LocalRotation.x
      value: -0
      objectReference: {fileID: 0}
    - target: {fileID: 5620100080543012301, guid: e75ffcfad74f1d743aa076dc9a406ecc,
        type: 3}
      propertyPath: m_LocalRotation.y
      value: -0
      objectReference: {fileID: 0}
    - target: {fileID: 5620100080543012301, guid: e75ffcfad74f1d743aa076dc9a406ecc,
        type: 3}
      propertyPath: m_LocalRotation.z
      value: -0
      objectReference: {fileID: 0}
    - target: {fileID: 5620100080543012301, guid: e75ffcfad74f1d743aa076dc9a406ecc,
        type: 3}
      propertyPath: m_LocalEulerAnglesHint.x
      value: 0
      objectReference: {fileID: 0}
    - target: {fileID: 5620100080543012301, guid: e75ffcfad74f1d743aa076dc9a406ecc,
        type: 3}
      propertyPath: m_LocalEulerAnglesHint.y
      value: 0
      objectReference: {fileID: 0}
    - target: {fileID: 5620100080543012301, guid: e75ffcfad74f1d743aa076dc9a406ecc,
        type: 3}
      propertyPath: m_LocalEulerAnglesHint.z
      value: 0
      objectReference: {fileID: 0}
    m_RemovedComponents: []
  m_SourcePrefab: {fileID: 100100000, guid: e75ffcfad74f1d743aa076dc9a406ecc, type: 3}
--- !u!4 &1883095497 stripped
Transform:
  m_CorrespondingSourceObject: {fileID: 5620100080543012301, guid: e75ffcfad74f1d743aa076dc9a406ecc,
    type: 3}
  m_PrefabInstance: {fileID: 1883095496}
  m_PrefabAsset: {fileID: 0}
--- !u!1001 &2005012326
PrefabInstance:
  m_ObjectHideFlags: 0
  serializedVersion: 2
  m_Modification:
    m_TransformParent: {fileID: 1137514354}
    m_Modifications:
    - target: {fileID: 6867297054333969162, guid: 5d7c7486aa201204597addb3bc5839d3,
        type: 3}
      propertyPath: m_Name
      value: Trampoline (4)
      objectReference: {fileID: 0}
    - target: {fileID: 6867297054333969167, guid: 5d7c7486aa201204597addb3bc5839d3,
        type: 3}
      propertyPath: m_RootOrder
      value: 12
      objectReference: {fileID: 0}
    - target: {fileID: 6867297054333969167, guid: 5d7c7486aa201204597addb3bc5839d3,
        type: 3}
      propertyPath: m_LocalScale.y
      value: 0.19999999
      objectReference: {fileID: 0}
    - target: {fileID: 6867297054333969167, guid: 5d7c7486aa201204597addb3bc5839d3,
        type: 3}
      propertyPath: m_LocalPosition.x
      value: 75.75
      objectReference: {fileID: 0}
    - target: {fileID: 6867297054333969167, guid: 5d7c7486aa201204597addb3bc5839d3,
        type: 3}
      propertyPath: m_LocalPosition.y
      value: 1.1599998
      objectReference: {fileID: 0}
    - target: {fileID: 6867297054333969167, guid: 5d7c7486aa201204597addb3bc5839d3,
        type: 3}
      propertyPath: m_LocalPosition.z
      value: 0.011474609
      objectReference: {fileID: 0}
    - target: {fileID: 6867297054333969167, guid: 5d7c7486aa201204597addb3bc5839d3,
        type: 3}
      propertyPath: m_LocalRotation.w
      value: 1
      objectReference: {fileID: 0}
    - target: {fileID: 6867297054333969167, guid: 5d7c7486aa201204597addb3bc5839d3,
        type: 3}
      propertyPath: m_LocalRotation.x
      value: -0
      objectReference: {fileID: 0}
    - target: {fileID: 6867297054333969167, guid: 5d7c7486aa201204597addb3bc5839d3,
        type: 3}
      propertyPath: m_LocalRotation.y
      value: -0
      objectReference: {fileID: 0}
    - target: {fileID: 6867297054333969167, guid: 5d7c7486aa201204597addb3bc5839d3,
        type: 3}
      propertyPath: m_LocalRotation.z
      value: -0
      objectReference: {fileID: 0}
    - target: {fileID: 6867297054333969167, guid: 5d7c7486aa201204597addb3bc5839d3,
        type: 3}
      propertyPath: m_LocalEulerAnglesHint.x
      value: 0
      objectReference: {fileID: 0}
    - target: {fileID: 6867297054333969167, guid: 5d7c7486aa201204597addb3bc5839d3,
        type: 3}
      propertyPath: m_LocalEulerAnglesHint.y
      value: 0
      objectReference: {fileID: 0}
    - target: {fileID: 6867297054333969167, guid: 5d7c7486aa201204597addb3bc5839d3,
        type: 3}
      propertyPath: m_LocalEulerAnglesHint.z
      value: 0
      objectReference: {fileID: 0}
    m_RemovedComponents: []
  m_SourcePrefab: {fileID: 100100000, guid: 5d7c7486aa201204597addb3bc5839d3, type: 3}
--- !u!4 &2005012327 stripped
Transform:
  m_CorrespondingSourceObject: {fileID: 6867297054333969167, guid: 5d7c7486aa201204597addb3bc5839d3,
    type: 3}
  m_PrefabInstance: {fileID: 2005012326}
  m_PrefabAsset: {fileID: 0}
--- !u!1001 &2045261497
PrefabInstance:
  m_ObjectHideFlags: 0
  serializedVersion: 2
  m_Modification:
    m_TransformParent: {fileID: 822066176}
    m_Modifications:
    - target: {fileID: 5620100080543012297, guid: e75ffcfad74f1d743aa076dc9a406ecc,
        type: 3}
      propertyPath: m_Name
      value: Floor
      objectReference: {fileID: 0}
    - target: {fileID: 5620100080543012299, guid: e75ffcfad74f1d743aa076dc9a406ecc,
        type: 3}
      propertyPath: m_Materials.Array.data[0]
      value: 
      objectReference: {fileID: 2100000, guid: 4877c316b94c3a949ae024a254ea6d6e, type: 2}
    - target: {fileID: 5620100080543012301, guid: e75ffcfad74f1d743aa076dc9a406ecc,
        type: 3}
      propertyPath: m_RootOrder
      value: 1
      objectReference: {fileID: 0}
    - target: {fileID: 5620100080543012301, guid: e75ffcfad74f1d743aa076dc9a406ecc,
        type: 3}
      propertyPath: m_LocalScale.x
      value: 16.707611
      objectReference: {fileID: 0}
    - target: {fileID: 5620100080543012301, guid: e75ffcfad74f1d743aa076dc9a406ecc,
        type: 3}
      propertyPath: m_LocalPosition.x
      value: -13.7191
      objectReference: {fileID: 0}
    - target: {fileID: 5620100080543012301, guid: e75ffcfad74f1d743aa076dc9a406ecc,
        type: 3}
      propertyPath: m_LocalPosition.y
      value: 0
      objectReference: {fileID: 0}
    - target: {fileID: 5620100080543012301, guid: e75ffcfad74f1d743aa076dc9a406ecc,
        type: 3}
      propertyPath: m_LocalPosition.z
      value: -0.04188
      objectReference: {fileID: 0}
    - target: {fileID: 5620100080543012301, guid: e75ffcfad74f1d743aa076dc9a406ecc,
        type: 3}
      propertyPath: m_LocalRotation.w
      value: 1
      objectReference: {fileID: 0}
    - target: {fileID: 5620100080543012301, guid: e75ffcfad74f1d743aa076dc9a406ecc,
        type: 3}
      propertyPath: m_LocalRotation.x
      value: -0
      objectReference: {fileID: 0}
    - target: {fileID: 5620100080543012301, guid: e75ffcfad74f1d743aa076dc9a406ecc,
        type: 3}
      propertyPath: m_LocalRotation.y
      value: -0
      objectReference: {fileID: 0}
    - target: {fileID: 5620100080543012301, guid: e75ffcfad74f1d743aa076dc9a406ecc,
        type: 3}
      propertyPath: m_LocalRotation.z
      value: -0
      objectReference: {fileID: 0}
    - target: {fileID: 5620100080543012301, guid: e75ffcfad74f1d743aa076dc9a406ecc,
        type: 3}
      propertyPath: m_LocalEulerAnglesHint.x
      value: 0
      objectReference: {fileID: 0}
    - target: {fileID: 5620100080543012301, guid: e75ffcfad74f1d743aa076dc9a406ecc,
        type: 3}
      propertyPath: m_LocalEulerAnglesHint.y
      value: 0
      objectReference: {fileID: 0}
    - target: {fileID: 5620100080543012301, guid: e75ffcfad74f1d743aa076dc9a406ecc,
        type: 3}
      propertyPath: m_LocalEulerAnglesHint.z
      value: 0
      objectReference: {fileID: 0}
    m_RemovedComponents: []
  m_SourcePrefab: {fileID: 100100000, guid: e75ffcfad74f1d743aa076dc9a406ecc, type: 3}
--- !u!4 &2045261498 stripped
Transform:
  m_CorrespondingSourceObject: {fileID: 5620100080543012301, guid: e75ffcfad74f1d743aa076dc9a406ecc,
    type: 3}
  m_PrefabInstance: {fileID: 2045261497}
  m_PrefabAsset: {fileID: 0}
--- !u!1001 &2056147492
PrefabInstance:
  m_ObjectHideFlags: 0
  serializedVersion: 2
  m_Modification:
    m_TransformParent: {fileID: 822066176}
    m_Modifications:
    - target: {fileID: 5620100080543012297, guid: e75ffcfad74f1d743aa076dc9a406ecc,
        type: 3}
      propertyPath: m_Name
      value: Floor (4)
      objectReference: {fileID: 0}
    - target: {fileID: 5620100080543012299, guid: e75ffcfad74f1d743aa076dc9a406ecc,
        type: 3}
      propertyPath: m_Materials.Array.data[0]
      value: 
      objectReference: {fileID: 2100000, guid: 4877c316b94c3a949ae024a254ea6d6e, type: 2}
    - target: {fileID: 5620100080543012301, guid: e75ffcfad74f1d743aa076dc9a406ecc,
        type: 3}
      propertyPath: m_RootOrder
      value: 3
      objectReference: {fileID: 0}
    - target: {fileID: 5620100080543012301, guid: e75ffcfad74f1d743aa076dc9a406ecc,
        type: 3}
      propertyPath: m_LocalScale.x
      value: 12.903254
      objectReference: {fileID: 0}
    - target: {fileID: 5620100080543012301, guid: e75ffcfad74f1d743aa076dc9a406ecc,
        type: 3}
      propertyPath: m_LocalScale.y
      value: 0.99210536
      objectReference: {fileID: 0}
    - target: {fileID: 5620100080543012301, guid: e75ffcfad74f1d743aa076dc9a406ecc,
        type: 3}
      propertyPath: m_LocalPosition.x
      value: 23.317
      objectReference: {fileID: 0}
    - target: {fileID: 5620100080543012301, guid: e75ffcfad74f1d743aa076dc9a406ecc,
        type: 3}
      propertyPath: m_LocalPosition.y
      value: 0.0039473
      objectReference: {fileID: 0}
    - target: {fileID: 5620100080543012301, guid: e75ffcfad74f1d743aa076dc9a406ecc,
        type: 3}
      propertyPath: m_LocalPosition.z
      value: -0.04188
      objectReference: {fileID: 0}
    - target: {fileID: 5620100080543012301, guid: e75ffcfad74f1d743aa076dc9a406ecc,
        type: 3}
      propertyPath: m_LocalRotation.w
      value: 1
      objectReference: {fileID: 0}
    - target: {fileID: 5620100080543012301, guid: e75ffcfad74f1d743aa076dc9a406ecc,
        type: 3}
      propertyPath: m_LocalRotation.x
      value: -0
      objectReference: {fileID: 0}
    - target: {fileID: 5620100080543012301, guid: e75ffcfad74f1d743aa076dc9a406ecc,
        type: 3}
      propertyPath: m_LocalRotation.y
      value: -0
      objectReference: {fileID: 0}
    - target: {fileID: 5620100080543012301, guid: e75ffcfad74f1d743aa076dc9a406ecc,
        type: 3}
      propertyPath: m_LocalRotation.z
      value: -0
      objectReference: {fileID: 0}
    - target: {fileID: 5620100080543012301, guid: e75ffcfad74f1d743aa076dc9a406ecc,
        type: 3}
      propertyPath: m_LocalEulerAnglesHint.x
      value: 0
      objectReference: {fileID: 0}
    - target: {fileID: 5620100080543012301, guid: e75ffcfad74f1d743aa076dc9a406ecc,
        type: 3}
      propertyPath: m_LocalEulerAnglesHint.y
      value: 0
      objectReference: {fileID: 0}
    - target: {fileID: 5620100080543012301, guid: e75ffcfad74f1d743aa076dc9a406ecc,
        type: 3}
      propertyPath: m_LocalEulerAnglesHint.z
      value: 0
      objectReference: {fileID: 0}
    m_RemovedComponents: []
  m_SourcePrefab: {fileID: 100100000, guid: e75ffcfad74f1d743aa076dc9a406ecc, type: 3}
--- !u!4 &2056147493 stripped
Transform:
  m_CorrespondingSourceObject: {fileID: 5620100080543012301, guid: e75ffcfad74f1d743aa076dc9a406ecc,
    type: 3}
  m_PrefabInstance: {fileID: 2056147492}
  m_PrefabAsset: {fileID: 0}
--- !u!1001 &2092275265
PrefabInstance:
  m_ObjectHideFlags: 0
  serializedVersion: 2
  m_Modification:
    m_TransformParent: {fileID: 1137514354}
    m_Modifications:
    - target: {fileID: 5878599885704667059, guid: 14378868b06d6894a800f0822de518e9,
        type: 3}
      propertyPath: m_RootOrder
      value: 4
      objectReference: {fileID: 0}
    - target: {fileID: 5878599885704667059, guid: 14378868b06d6894a800f0822de518e9,
        type: 3}
      propertyPath: m_LocalScale.x
      value: 2.869568
      objectReference: {fileID: 0}
    - target: {fileID: 5878599885704667059, guid: 14378868b06d6894a800f0822de518e9,
        type: 3}
      propertyPath: m_LocalScale.z
      value: 1.9581201
      objectReference: {fileID: 0}
    - target: {fileID: 5878599885704667059, guid: 14378868b06d6894a800f0822de518e9,
        type: 3}
      propertyPath: m_LocalPosition.x
      value: 57.512997
      objectReference: {fileID: 0}
    - target: {fileID: 5878599885704667059, guid: 14378868b06d6894a800f0822de518e9,
        type: 3}
      propertyPath: m_LocalPosition.y
      value: -0.000000014901
      objectReference: {fileID: 0}
    - target: {fileID: 5878599885704667059, guid: 14378868b06d6894a800f0822de518e9,
        type: 3}
      propertyPath: m_LocalPosition.z
      value: -0.06282
      objectReference: {fileID: 0}
    - target: {fileID: 5878599885704667059, guid: 14378868b06d6894a800f0822de518e9,
        type: 3}
      propertyPath: m_LocalRotation.w
      value: 1
      objectReference: {fileID: 0}
    - target: {fileID: 5878599885704667059, guid: 14378868b06d6894a800f0822de518e9,
        type: 3}
      propertyPath: m_LocalRotation.x
      value: -0
      objectReference: {fileID: 0}
    - target: {fileID: 5878599885704667059, guid: 14378868b06d6894a800f0822de518e9,
        type: 3}
      propertyPath: m_LocalRotation.y
      value: -0
      objectReference: {fileID: 0}
    - target: {fileID: 5878599885704667059, guid: 14378868b06d6894a800f0822de518e9,
        type: 3}
      propertyPath: m_LocalRotation.z
      value: -0
      objectReference: {fileID: 0}
    - target: {fileID: 5878599885704667059, guid: 14378868b06d6894a800f0822de518e9,
        type: 3}
      propertyPath: m_LocalEulerAnglesHint.x
      value: 0
      objectReference: {fileID: 0}
    - target: {fileID: 5878599885704667059, guid: 14378868b06d6894a800f0822de518e9,
        type: 3}
      propertyPath: m_LocalEulerAnglesHint.y
      value: 0
      objectReference: {fileID: 0}
    - target: {fileID: 5878599885704667059, guid: 14378868b06d6894a800f0822de518e9,
        type: 3}
      propertyPath: m_LocalEulerAnglesHint.z
      value: 0
      objectReference: {fileID: 0}
    - target: {fileID: 5878599885704667068, guid: 14378868b06d6894a800f0822de518e9,
        type: 3}
      propertyPath: m_Name
      value: Obstacle (7)
      objectReference: {fileID: 0}
    m_RemovedComponents: []
  m_SourcePrefab: {fileID: 100100000, guid: 14378868b06d6894a800f0822de518e9, type: 3}
--- !u!4 &2092275266 stripped
Transform:
  m_CorrespondingSourceObject: {fileID: 5878599885704667059, guid: 14378868b06d6894a800f0822de518e9,
    type: 3}
  m_PrefabInstance: {fileID: 2092275265}
  m_PrefabAsset: {fileID: 0}
