%YAML 1.1
%TAG !u! tag:unity3d.com,2011:
--- !u!29 &1
OcclusionCullingSettings:
  m_ObjectHideFlags: 0
  serializedVersion: 2
  m_OcclusionBakeSettings:
    smallestOccluder: 5
    smallestHole: 0.25
    backfaceThreshold: 100
  m_SceneGUID: 00000000000000000000000000000000
  m_OcclusionCullingData: {fileID: 0}
--- !u!104 &2
RenderSettings:
  m_ObjectHideFlags: 0
  serializedVersion: 9
  m_Fog: 0
  m_FogColor: {r: 0.5, g: 0.5, b: 0.5, a: 1}
  m_FogMode: 3
  m_FogDensity: 0.01
  m_LinearFogStart: 0
  m_LinearFogEnd: 300
  m_AmbientSkyColor: {r: 0.212, g: 0.227, b: 0.259, a: 1}
  m_AmbientEquatorColor: {r: 0.114, g: 0.125, b: 0.133, a: 1}
  m_AmbientGroundColor: {r: 0.047, g: 0.043, b: 0.035, a: 1}
  m_AmbientIntensity: 0
  m_AmbientMode: 0
  m_SubtractiveShadowColor: {r: 0.42, g: 0.478, b: 0.627, a: 1}
  m_SkyboxMaterial: {fileID: 10304, guid: 0000000000000000f000000000000000, type: 0}
  m_HaloStrength: 0.5
  m_FlareStrength: 1
  m_FlareFadeSpeed: 3
  m_HaloTexture: {fileID: 0}
  m_SpotCookie: {fileID: 10001, guid: 0000000000000000e000000000000000, type: 0}
  m_DefaultReflectionMode: 0
  m_DefaultReflectionResolution: 128
  m_ReflectionBounces: 1
  m_ReflectionIntensity: 1
  m_CustomReflection: {fileID: 0}
  m_Sun: {fileID: 0}
  m_IndirectSpecularColor: {r: 0.44657898, g: 0.4964133, b: 0.5748178, a: 1}
  m_UseRadianceAmbientProbe: 0
--- !u!157 &3
LightmapSettings:
  m_ObjectHideFlags: 0
  serializedVersion: 12
  m_GIWorkflowMode: 1
  m_GISettings:
    serializedVersion: 2
    m_BounceScale: 1
    m_IndirectOutputScale: 1
    m_AlbedoBoost: 1
    m_EnvironmentLightingMode: 0
    m_EnableBakedLightmaps: 1
    m_EnableRealtimeLightmaps: 0
  m_LightmapEditorSettings:
    serializedVersion: 12
    m_Resolution: 2
    m_BakeResolution: 40
    m_AtlasSize: 1024
    m_AO: 0
    m_AOMaxDistance: 1
    m_CompAOExponent: 1
    m_CompAOExponentDirect: 0
    m_ExtractAmbientOcclusion: 0
    m_Padding: 2
    m_LightmapParameters: {fileID: 0}
    m_LightmapsBakeMode: 1
    m_TextureCompression: 1
    m_FinalGather: 0
    m_FinalGatherFiltering: 1
    m_FinalGatherRayCount: 256
    m_ReflectionCompression: 2
    m_MixedBakeMode: 2
    m_BakeBackend: 1
    m_PVRSampling: 1
    m_PVRDirectSampleCount: 32
    m_PVRSampleCount: 512
    m_PVRBounces: 2
    m_PVREnvironmentSampleCount: 256
    m_PVREnvironmentReferencePointCount: 2048
    m_PVRFilteringMode: 1
    m_PVRDenoiserTypeDirect: 1
    m_PVRDenoiserTypeIndirect: 1
    m_PVRDenoiserTypeAO: 1
    m_PVRFilterTypeDirect: 0
    m_PVRFilterTypeIndirect: 0
    m_PVRFilterTypeAO: 0
    m_PVREnvironmentMIS: 1
    m_PVRCulling: 1
    m_PVRFilteringGaussRadiusDirect: 1
    m_PVRFilteringGaussRadiusIndirect: 5
    m_PVRFilteringGaussRadiusAO: 2
    m_PVRFilteringAtrousPositionSigmaDirect: 0.5
    m_PVRFilteringAtrousPositionSigmaIndirect: 2
    m_PVRFilteringAtrousPositionSigmaAO: 1
    m_ExportTrainingData: 0
    m_TrainingDataDestination: TrainingData
    m_LightProbeSampleCountMultiplier: 4
  m_LightingDataAsset: {fileID: 0}
  m_LightingSettings: {fileID: 0}
--- !u!196 &4
NavMeshSettings:
  serializedVersion: 2
  m_ObjectHideFlags: 0
  m_BuildSettings:
    serializedVersion: 2
    agentTypeID: 0
    agentRadius: 0.5
    agentHeight: 2
    agentSlope: 45
    agentClimb: 0.4
    ledgeDropHeight: 0
    maxJumpAcrossDistance: 0
    minRegionArea: 2
    manualCellSize: 0
    cellSize: 0.16666667
    manualTileSize: 0
    tileSize: 256
    accuratePlacement: 0
    maxJobWorkers: 0
    preserveTilesOutsideBounds: 0
    debug:
      m_Flags: 0
  m_NavMeshData: {fileID: 0}
--- !u!1001 &37366965
PrefabInstance:
  m_ObjectHideFlags: 0
  serializedVersion: 2
  m_Modification:
    m_TransformParent: {fileID: 81185028}
    m_Modifications:
    - target: {fileID: 1992632755488242778, guid: 4f559d9abd1579144a40b6b4b9281ee7,
        type: 3}
      propertyPath: m_RootOrder
      value: 0
      objectReference: {fileID: 0}
    - target: {fileID: 1992632755488242778, guid: 4f559d9abd1579144a40b6b4b9281ee7,
        type: 3}
      propertyPath: m_LocalScale.x
      value: 2.9983418
      objectReference: {fileID: 0}
    - target: {fileID: 1992632755488242778, guid: 4f559d9abd1579144a40b6b4b9281ee7,
        type: 3}
      propertyPath: m_LocalPosition.x
      value: 10.911423
      objectReference: {fileID: 0}
    - target: {fileID: 1992632755488242778, guid: 4f559d9abd1579144a40b6b4b9281ee7,
        type: 3}
      propertyPath: m_LocalPosition.y
      value: 4.122148
      objectReference: {fileID: 0}
    - target: {fileID: 1992632755488242778, guid: 4f559d9abd1579144a40b6b4b9281ee7,
        type: 3}
      propertyPath: m_LocalPosition.z
      value: 0
      objectReference: {fileID: 0}
    - target: {fileID: 1992632755488242778, guid: 4f559d9abd1579144a40b6b4b9281ee7,
        type: 3}
      propertyPath: m_LocalRotation.w
      value: 1
      objectReference: {fileID: 0}
    - target: {fileID: 1992632755488242778, guid: 4f559d9abd1579144a40b6b4b9281ee7,
        type: 3}
      propertyPath: m_LocalRotation.x
      value: -0
      objectReference: {fileID: 0}
    - target: {fileID: 1992632755488242778, guid: 4f559d9abd1579144a40b6b4b9281ee7,
        type: 3}
      propertyPath: m_LocalRotation.y
      value: -0
      objectReference: {fileID: 0}
    - target: {fileID: 1992632755488242778, guid: 4f559d9abd1579144a40b6b4b9281ee7,
        type: 3}
      propertyPath: m_LocalRotation.z
      value: -0
      objectReference: {fileID: 0}
    - target: {fileID: 1992632755488242778, guid: 4f559d9abd1579144a40b6b4b9281ee7,
        type: 3}
      propertyPath: m_LocalEulerAnglesHint.x
      value: 0
      objectReference: {fileID: 0}
    - target: {fileID: 1992632755488242778, guid: 4f559d9abd1579144a40b6b4b9281ee7,
        type: 3}
      propertyPath: m_LocalEulerAnglesHint.y
      value: 0
      objectReference: {fileID: 0}
    - target: {fileID: 1992632755488242778, guid: 4f559d9abd1579144a40b6b4b9281ee7,
        type: 3}
      propertyPath: m_LocalEulerAnglesHint.z
      value: 0
      objectReference: {fileID: 0}
    - target: {fileID: 1992632755488242780, guid: 4f559d9abd1579144a40b6b4b9281ee7,
        type: 3}
      propertyPath: m_Materials.Array.data[0]
      value: 
      objectReference: {fileID: 2100000, guid: 4877c316b94c3a949ae024a254ea6d6e, type: 2}
    - target: {fileID: 1992632755488242782, guid: 4f559d9abd1579144a40b6b4b9281ee7,
        type: 3}
      propertyPath: m_Name
      value: Wall (4)
      objectReference: {fileID: 0}
    - target: {fileID: 1992632755488242782, guid: 4f559d9abd1579144a40b6b4b9281ee7,
        type: 3}
      propertyPath: m_IsActive
      value: 1
      objectReference: {fileID: 0}
    m_RemovedComponents: []
  m_SourcePrefab: {fileID: 100100000, guid: 4f559d9abd1579144a40b6b4b9281ee7, type: 3}
--- !u!4 &37366966 stripped
Transform:
  m_CorrespondingSourceObject: {fileID: 1992632755488242778, guid: 4f559d9abd1579144a40b6b4b9281ee7,
    type: 3}
  m_PrefabInstance: {fileID: 37366965}
  m_PrefabAsset: {fileID: 0}
--- !u!1001 &53977726
PrefabInstance:
  m_ObjectHideFlags: 0
  serializedVersion: 2
  m_Modification:
    m_TransformParent: {fileID: 81185028}
    m_Modifications:
    - target: {fileID: 5620100080543012297, guid: e75ffcfad74f1d743aa076dc9a406ecc,
        type: 3}
      propertyPath: m_Name
      value: Floor (1)
      objectReference: {fileID: 0}
    - target: {fileID: 5620100080543012299, guid: e75ffcfad74f1d743aa076dc9a406ecc,
        type: 3}
      propertyPath: m_Materials.Array.data[0]
      value: 
      objectReference: {fileID: 2100000, guid: 4877c316b94c3a949ae024a254ea6d6e, type: 2}
    - target: {fileID: 5620100080543012301, guid: e75ffcfad74f1d743aa076dc9a406ecc,
        type: 3}
      propertyPath: m_RootOrder
      value: 13
      objectReference: {fileID: 0}
    - target: {fileID: 5620100080543012301, guid: e75ffcfad74f1d743aa076dc9a406ecc,
        type: 3}
      propertyPath: m_LocalScale.x
      value: 22.934637
      objectReference: {fileID: 0}
    - target: {fileID: 5620100080543012301, guid: e75ffcfad74f1d743aa076dc9a406ecc,
        type: 3}
      propertyPath: m_LocalPosition.x
      value: 35.937
      objectReference: {fileID: 0}
    - target: {fileID: 5620100080543012301, guid: e75ffcfad74f1d743aa076dc9a406ecc,
        type: 3}
      propertyPath: m_LocalPosition.y
      value: 0
      objectReference: {fileID: 0}
    - target: {fileID: 5620100080543012301, guid: e75ffcfad74f1d743aa076dc9a406ecc,
        type: 3}
      propertyPath: m_LocalPosition.z
      value: 0
      objectReference: {fileID: 0}
    - target: {fileID: 5620100080543012301, guid: e75ffcfad74f1d743aa076dc9a406ecc,
        type: 3}
      propertyPath: m_LocalRotation.w
      value: 1
      objectReference: {fileID: 0}
    - target: {fileID: 5620100080543012301, guid: e75ffcfad74f1d743aa076dc9a406ecc,
        type: 3}
      propertyPath: m_LocalRotation.x
      value: -0
      objectReference: {fileID: 0}
    - target: {fileID: 5620100080543012301, guid: e75ffcfad74f1d743aa076dc9a406ecc,
        type: 3}
      propertyPath: m_LocalRotation.y
      value: -0
      objectReference: {fileID: 0}
    - target: {fileID: 5620100080543012301, guid: e75ffcfad74f1d743aa076dc9a406ecc,
        type: 3}
      propertyPath: m_LocalRotation.z
      value: -0
      objectReference: {fileID: 0}
    - target: {fileID: 5620100080543012301, guid: e75ffcfad74f1d743aa076dc9a406ecc,
        type: 3}
      propertyPath: m_LocalEulerAnglesHint.x
      value: 0
      objectReference: {fileID: 0}
    - target: {fileID: 5620100080543012301, guid: e75ffcfad74f1d743aa076dc9a406ecc,
        type: 3}
      propertyPath: m_LocalEulerAnglesHint.y
      value: 0
      objectReference: {fileID: 0}
    - target: {fileID: 5620100080543012301, guid: e75ffcfad74f1d743aa076dc9a406ecc,
        type: 3}
      propertyPath: m_LocalEulerAnglesHint.z
      value: 0
      objectReference: {fileID: 0}
    m_RemovedComponents: []
  m_SourcePrefab: {fileID: 100100000, guid: e75ffcfad74f1d743aa076dc9a406ecc, type: 3}
--- !u!4 &53977727 stripped
Transform:
  m_CorrespondingSourceObject: {fileID: 5620100080543012301, guid: e75ffcfad74f1d743aa076dc9a406ecc,
    type: 3}
  m_PrefabInstance: {fileID: 53977726}
  m_PrefabAsset: {fileID: 0}
--- !u!1 &81185027
GameObject:
  m_ObjectHideFlags: 0
  m_CorrespondingSourceObject: {fileID: 0}
  m_PrefabInstance: {fileID: 0}
  m_PrefabAsset: {fileID: 0}
  serializedVersion: 6
  m_Component:
  - component: {fileID: 81185028}
  m_Layer: 0
  m_Name: LevelObjects
  m_TagString: Untagged
  m_Icon: {fileID: 0}
  m_NavMeshLayer: 0
  m_StaticEditorFlags: 0
  m_IsActive: 1
--- !u!4 &81185028
Transform:
  m_ObjectHideFlags: 0
  m_CorrespondingSourceObject: {fileID: 0}
  m_PrefabInstance: {fileID: 0}
  m_PrefabAsset: {fileID: 0}
  m_GameObject: {fileID: 81185027}
  m_LocalRotation: {x: 0, y: 0, z: 0, w: 1}
  m_LocalPosition: {x: 0, y: 0, z: 0}
  m_LocalScale: {x: 1, y: 1, z: 1}
  m_Children:
  - {fileID: 37366966}
  - {fileID: 1797801699}
  - {fileID: 862222509}
  - {fileID: 1299707123}
  - {fileID: 938714573}
  - {fileID: 1021894622}
  - {fileID: 652657761}
  - {fileID: 2070794593}
  - {fileID: 389337939}
  - {fileID: 181734884}
  - {fileID: 850142923}
  - {fileID: 1989396016}
  - {fileID: 377549312}
  - {fileID: 53977727}
  - {fileID: 1632223358}
  - {fileID: 2096638483}
  m_Father: {fileID: 0}
  m_RootOrder: 4
  m_LocalEulerAnglesHint: {x: 0, y: 0, z: 0}
--- !u!1001 &134576519
PrefabInstance:
  m_ObjectHideFlags: 0
  serializedVersion: 2
  m_Modification:
    m_TransformParent: {fileID: 1169353444}
    m_Modifications:
    - target: {fileID: 6867297054333969162, guid: 5d7c7486aa201204597addb3bc5839d3,
        type: 3}
      propertyPath: m_Name
      value: Trampoline (2)
      objectReference: {fileID: 0}
    - target: {fileID: 6867297054333969167, guid: 5d7c7486aa201204597addb3bc5839d3,
        type: 3}
      propertyPath: m_RootOrder
      value: 1
      objectReference: {fileID: 0}
    - target: {fileID: 6867297054333969167, guid: 5d7c7486aa201204597addb3bc5839d3,
        type: 3}
      propertyPath: m_LocalPosition.x
      value: -2.08
      objectReference: {fileID: 0}
    - target: {fileID: 6867297054333969167, guid: 5d7c7486aa201204597addb3bc5839d3,
        type: 3}
      propertyPath: m_LocalPosition.y
      value: 3.21
      objectReference: {fileID: 0}
    - target: {fileID: 6867297054333969167, guid: 5d7c7486aa201204597addb3bc5839d3,
        type: 3}
      propertyPath: m_LocalPosition.z
      value: 0.011474609
      objectReference: {fileID: 0}
    - target: {fileID: 6867297054333969167, guid: 5d7c7486aa201204597addb3bc5839d3,
        type: 3}
      propertyPath: m_LocalRotation.w
      value: 1
      objectReference: {fileID: 0}
    - target: {fileID: 6867297054333969167, guid: 5d7c7486aa201204597addb3bc5839d3,
        type: 3}
      propertyPath: m_LocalRotation.x
      value: -0
      objectReference: {fileID: 0}
    - target: {fileID: 6867297054333969167, guid: 5d7c7486aa201204597addb3bc5839d3,
        type: 3}
      propertyPath: m_LocalRotation.y
      value: -0
      objectReference: {fileID: 0}
    - target: {fileID: 6867297054333969167, guid: 5d7c7486aa201204597addb3bc5839d3,
        type: 3}
      propertyPath: m_LocalRotation.z
      value: -0
      objectReference: {fileID: 0}
    - target: {fileID: 6867297054333969167, guid: 5d7c7486aa201204597addb3bc5839d3,
        type: 3}
      propertyPath: m_LocalEulerAnglesHint.x
      value: 0
      objectReference: {fileID: 0}
    - target: {fileID: 6867297054333969167, guid: 5d7c7486aa201204597addb3bc5839d3,
        type: 3}
      propertyPath: m_LocalEulerAnglesHint.y
      value: 0
      objectReference: {fileID: 0}
    - target: {fileID: 6867297054333969167, guid: 5d7c7486aa201204597addb3bc5839d3,
        type: 3}
      propertyPath: m_LocalEulerAnglesHint.z
      value: 0
      objectReference: {fileID: 0}
    m_RemovedComponents: []
  m_SourcePrefab: {fileID: 100100000, guid: 5d7c7486aa201204597addb3bc5839d3, type: 3}
--- !u!4 &134576520 stripped
Transform:
  m_CorrespondingSourceObject: {fileID: 6867297054333969167, guid: 5d7c7486aa201204597addb3bc5839d3,
    type: 3}
  m_PrefabInstance: {fileID: 134576519}
  m_PrefabAsset: {fileID: 0}
--- !u!1001 &134852851
PrefabInstance:
  m_ObjectHideFlags: 0
  serializedVersion: 2
  m_Modification:
    m_TransformParent: {fileID: 0}
    m_Modifications:
    - target: {fileID: 962825149529644804, guid: 650a173050a34bd45b7aeb96bc3d013c,
        type: 3}
      propertyPath: m_LocalPosition.y
      value: 1
      objectReference: {fileID: 0}
    - target: {fileID: 2572899783855691985, guid: 650a173050a34bd45b7aeb96bc3d013c,
        type: 3}
      propertyPath: m_LocalPosition.x
      value: -18.08
      objectReference: {fileID: 0}
    - target: {fileID: 2572899783855691985, guid: 650a173050a34bd45b7aeb96bc3d013c,
        type: 3}
      propertyPath: m_LocalPosition.y
      value: 1
      objectReference: {fileID: 0}
    - target: {fileID: 2572899784015014196, guid: 650a173050a34bd45b7aeb96bc3d013c,
        type: 3}
      propertyPath: _levelPresetOfThisLevel
      value: 
      objectReference: {fileID: 11400000, guid: 800bb5ce8882bfa4eb03463a9c4e9692,
        type: 2}
    - target: {fileID: 2932798842782865755, guid: 650a173050a34bd45b7aeb96bc3d013c,
        type: 3}
      propertyPath: m_LocalPosition.x
      value: 44.16
      objectReference: {fileID: 0}
    - target: {fileID: 2932798842782865755, guid: 650a173050a34bd45b7aeb96bc3d013c,
        type: 3}
      propertyPath: m_LocalPosition.y
      value: 1.56
      objectReference: {fileID: 0}
    - target: {fileID: 5201647528294460318, guid: 650a173050a34bd45b7aeb96bc3d013c,
        type: 3}
      propertyPath: m_Name
      value: LevelEssentials
      objectReference: {fileID: 0}
    - target: {fileID: 9019142853456843210, guid: 650a173050a34bd45b7aeb96bc3d013c,
        type: 3}
      propertyPath: m_RootOrder
      value: 1
      objectReference: {fileID: 0}
    - target: {fileID: 9019142853456843210, guid: 650a173050a34bd45b7aeb96bc3d013c,
        type: 3}
      propertyPath: m_LocalPosition.x
      value: -2.27
      objectReference: {fileID: 0}
    - target: {fileID: 9019142853456843210, guid: 650a173050a34bd45b7aeb96bc3d013c,
        type: 3}
      propertyPath: m_LocalPosition.y
      value: 0
      objectReference: {fileID: 0}
    - target: {fileID: 9019142853456843210, guid: 650a173050a34bd45b7aeb96bc3d013c,
        type: 3}
      propertyPath: m_LocalPosition.z
      value: -23.655233
      objectReference: {fileID: 0}
    - target: {fileID: 9019142853456843210, guid: 650a173050a34bd45b7aeb96bc3d013c,
        type: 3}
      propertyPath: m_LocalRotation.w
      value: 1
      objectReference: {fileID: 0}
    - target: {fileID: 9019142853456843210, guid: 650a173050a34bd45b7aeb96bc3d013c,
        type: 3}
      propertyPath: m_LocalRotation.x
      value: 0
      objectReference: {fileID: 0}
    - target: {fileID: 9019142853456843210, guid: 650a173050a34bd45b7aeb96bc3d013c,
        type: 3}
      propertyPath: m_LocalRotation.y
      value: 0
      objectReference: {fileID: 0}
    - target: {fileID: 9019142853456843210, guid: 650a173050a34bd45b7aeb96bc3d013c,
        type: 3}
      propertyPath: m_LocalRotation.z
      value: 0
      objectReference: {fileID: 0}
    - target: {fileID: 9019142853456843210, guid: 650a173050a34bd45b7aeb96bc3d013c,
        type: 3}
      propertyPath: m_LocalEulerAnglesHint.x
      value: 0
      objectReference: {fileID: 0}
    - target: {fileID: 9019142853456843210, guid: 650a173050a34bd45b7aeb96bc3d013c,
        type: 3}
      propertyPath: m_LocalEulerAnglesHint.y
      value: 0
      objectReference: {fileID: 0}
    - target: {fileID: 9019142853456843210, guid: 650a173050a34bd45b7aeb96bc3d013c,
        type: 3}
      propertyPath: m_LocalEulerAnglesHint.z
      value: 0
      objectReference: {fileID: 0}
    m_RemovedComponents: []
  m_SourcePrefab: {fileID: 100100000, guid: 650a173050a34bd45b7aeb96bc3d013c, type: 3}
--- !u!1001 &163955864
PrefabInstance:
  m_ObjectHideFlags: 0
  serializedVersion: 2
  m_Modification:
    m_TransformParent: {fileID: 0}
    m_Modifications:
    - target: {fileID: 2461487373785779137, guid: a37a0e40de106d84983c191ffc6f1d3a,
        type: 3}
      propertyPath: m_Name
      value: TestBackground
      objectReference: {fileID: 0}
    - target: {fileID: 2928122585235872218, guid: a37a0e40de106d84983c191ffc6f1d3a,
        type: 3}
      propertyPath: m_RootOrder
      value: 2
      objectReference: {fileID: 0}
    - target: {fileID: 2928122585235872218, guid: a37a0e40de106d84983c191ffc6f1d3a,
        type: 3}
      propertyPath: m_LocalPosition.x
      value: 0
      objectReference: {fileID: 0}
    - target: {fileID: 2928122585235872218, guid: a37a0e40de106d84983c191ffc6f1d3a,
        type: 3}
      propertyPath: m_LocalPosition.y
      value: 0
      objectReference: {fileID: 0}
    - target: {fileID: 2928122585235872218, guid: a37a0e40de106d84983c191ffc6f1d3a,
        type: 3}
      propertyPath: m_LocalPosition.z
      value: 0
      objectReference: {fileID: 0}
    - target: {fileID: 2928122585235872218, guid: a37a0e40de106d84983c191ffc6f1d3a,
        type: 3}
      propertyPath: m_LocalRotation.w
      value: 1
      objectReference: {fileID: 0}
    - target: {fileID: 2928122585235872218, guid: a37a0e40de106d84983c191ffc6f1d3a,
        type: 3}
      propertyPath: m_LocalRotation.x
      value: 0
      objectReference: {fileID: 0}
    - target: {fileID: 2928122585235872218, guid: a37a0e40de106d84983c191ffc6f1d3a,
        type: 3}
      propertyPath: m_LocalRotation.y
      value: 0
      objectReference: {fileID: 0}
    - target: {fileID: 2928122585235872218, guid: a37a0e40de106d84983c191ffc6f1d3a,
        type: 3}
      propertyPath: m_LocalRotation.z
      value: 0
      objectReference: {fileID: 0}
    - target: {fileID: 2928122585235872218, guid: a37a0e40de106d84983c191ffc6f1d3a,
        type: 3}
      propertyPath: m_LocalEulerAnglesHint.x
      value: 0
      objectReference: {fileID: 0}
    - target: {fileID: 2928122585235872218, guid: a37a0e40de106d84983c191ffc6f1d3a,
        type: 3}
      propertyPath: m_LocalEulerAnglesHint.y
      value: 0
      objectReference: {fileID: 0}
    - target: {fileID: 2928122585235872218, guid: a37a0e40de106d84983c191ffc6f1d3a,
        type: 3}
      propertyPath: m_LocalEulerAnglesHint.z
      value: 0
      objectReference: {fileID: 0}
    m_RemovedComponents: []
  m_SourcePrefab: {fileID: 100100000, guid: a37a0e40de106d84983c191ffc6f1d3a, type: 3}
--- !u!1001 &181734883
PrefabInstance:
  m_ObjectHideFlags: 0
  serializedVersion: 2
  m_Modification:
    m_TransformParent: {fileID: 81185028}
    m_Modifications:
    - target: {fileID: 1992632755488242778, guid: 4f559d9abd1579144a40b6b4b9281ee7,
        type: 3}
      propertyPath: m_RootOrder
      value: 9
      objectReference: {fileID: 0}
    - target: {fileID: 1992632755488242778, guid: 4f559d9abd1579144a40b6b4b9281ee7,
        type: 3}
      propertyPath: m_LocalScale.x
      value: 12.851094
      objectReference: {fileID: 0}
    - target: {fileID: 1992632755488242778, guid: 4f559d9abd1579144a40b6b4b9281ee7,
        type: 3}
      propertyPath: m_LocalScale.y
      value: 0.55473286
      objectReference: {fileID: 0}
    - target: {fileID: 1992632755488242778, guid: 4f559d9abd1579144a40b6b4b9281ee7,
        type: 3}
      propertyPath: m_LocalPosition.x
      value: 21.08
      objectReference: {fileID: 0}
    - target: {fileID: 1992632755488242778, guid: 4f559d9abd1579144a40b6b4b9281ee7,
        type: 3}
      propertyPath: m_LocalPosition.y
      value: 2.81
      objectReference: {fileID: 0}
    - target: {fileID: 1992632755488242778, guid: 4f559d9abd1579144a40b6b4b9281ee7,
        type: 3}
      propertyPath: m_LocalPosition.z
      value: 0
      objectReference: {fileID: 0}
    - target: {fileID: 1992632755488242778, guid: 4f559d9abd1579144a40b6b4b9281ee7,
        type: 3}
      propertyPath: m_LocalRotation.w
      value: 1
      objectReference: {fileID: 0}
    - target: {fileID: 1992632755488242778, guid: 4f559d9abd1579144a40b6b4b9281ee7,
        type: 3}
      propertyPath: m_LocalRotation.x
      value: -0
      objectReference: {fileID: 0}
    - target: {fileID: 1992632755488242778, guid: 4f559d9abd1579144a40b6b4b9281ee7,
        type: 3}
      propertyPath: m_LocalRotation.y
      value: -0
      objectReference: {fileID: 0}
    - target: {fileID: 1992632755488242778, guid: 4f559d9abd1579144a40b6b4b9281ee7,
        type: 3}
      propertyPath: m_LocalRotation.z
      value: -0
      objectReference: {fileID: 0}
    - target: {fileID: 1992632755488242778, guid: 4f559d9abd1579144a40b6b4b9281ee7,
        type: 3}
      propertyPath: m_LocalEulerAnglesHint.x
      value: 0
      objectReference: {fileID: 0}
    - target: {fileID: 1992632755488242778, guid: 4f559d9abd1579144a40b6b4b9281ee7,
        type: 3}
      propertyPath: m_LocalEulerAnglesHint.y
      value: 0
      objectReference: {fileID: 0}
    - target: {fileID: 1992632755488242778, guid: 4f559d9abd1579144a40b6b4b9281ee7,
        type: 3}
      propertyPath: m_LocalEulerAnglesHint.z
      value: 0
      objectReference: {fileID: 0}
    - target: {fileID: 1992632755488242780, guid: 4f559d9abd1579144a40b6b4b9281ee7,
        type: 3}
      propertyPath: m_Materials.Array.data[0]
      value: 
      objectReference: {fileID: 2100000, guid: 4877c316b94c3a949ae024a254ea6d6e, type: 2}
    - target: {fileID: 1992632755488242782, guid: 4f559d9abd1579144a40b6b4b9281ee7,
        type: 3}
      propertyPath: m_Name
      value: Wall (13)
      objectReference: {fileID: 0}
    - target: {fileID: 1992632755488242782, guid: 4f559d9abd1579144a40b6b4b9281ee7,
        type: 3}
      propertyPath: m_IsActive
      value: 1
      objectReference: {fileID: 0}
    m_RemovedComponents: []
  m_SourcePrefab: {fileID: 100100000, guid: 4f559d9abd1579144a40b6b4b9281ee7, type: 3}
--- !u!4 &181734884 stripped
Transform:
  m_CorrespondingSourceObject: {fileID: 1992632755488242778, guid: 4f559d9abd1579144a40b6b4b9281ee7,
    type: 3}
  m_PrefabInstance: {fileID: 181734883}
  m_PrefabAsset: {fileID: 0}
--- !u!1001 &221025800
PrefabInstance:
  m_ObjectHideFlags: 0
  serializedVersion: 2
  m_Modification:
    m_TransformParent: {fileID: 1169353444}
    m_Modifications:
    - target: {fileID: 6867297054333969162, guid: 5d7c7486aa201204597addb3bc5839d3,
        type: 3}
      propertyPath: m_Name
      value: Trampoline (1)
      objectReference: {fileID: 0}
    - target: {fileID: 6867297054333969167, guid: 5d7c7486aa201204597addb3bc5839d3,
        type: 3}
      propertyPath: m_RootOrder
      value: 3
      objectReference: {fileID: 0}
    - target: {fileID: 6867297054333969167, guid: 5d7c7486aa201204597addb3bc5839d3,
        type: 3}
      propertyPath: m_LocalPosition.x
      value: -8.110001
      objectReference: {fileID: 0}
    - target: {fileID: 6867297054333969167, guid: 5d7c7486aa201204597addb3bc5839d3,
        type: 3}
      propertyPath: m_LocalPosition.y
      value: 1.1000004
      objectReference: {fileID: 0}
    - target: {fileID: 6867297054333969167, guid: 5d7c7486aa201204597addb3bc5839d3,
        type: 3}
      propertyPath: m_LocalPosition.z
      value: 0.011474609
      objectReference: {fileID: 0}
    - target: {fileID: 6867297054333969167, guid: 5d7c7486aa201204597addb3bc5839d3,
        type: 3}
      propertyPath: m_LocalRotation.w
      value: 1
      objectReference: {fileID: 0}
    - target: {fileID: 6867297054333969167, guid: 5d7c7486aa201204597addb3bc5839d3,
        type: 3}
      propertyPath: m_LocalRotation.x
      value: -0
      objectReference: {fileID: 0}
    - target: {fileID: 6867297054333969167, guid: 5d7c7486aa201204597addb3bc5839d3,
        type: 3}
      propertyPath: m_LocalRotation.y
      value: -0
      objectReference: {fileID: 0}
    - target: {fileID: 6867297054333969167, guid: 5d7c7486aa201204597addb3bc5839d3,
        type: 3}
      propertyPath: m_LocalRotation.z
      value: -0
      objectReference: {fileID: 0}
    - target: {fileID: 6867297054333969167, guid: 5d7c7486aa201204597addb3bc5839d3,
        type: 3}
      propertyPath: m_LocalEulerAnglesHint.x
      value: 0
      objectReference: {fileID: 0}
    - target: {fileID: 6867297054333969167, guid: 5d7c7486aa201204597addb3bc5839d3,
        type: 3}
      propertyPath: m_LocalEulerAnglesHint.y
      value: 0
      objectReference: {fileID: 0}
    - target: {fileID: 6867297054333969167, guid: 5d7c7486aa201204597addb3bc5839d3,
        type: 3}
      propertyPath: m_LocalEulerAnglesHint.z
      value: 0
      objectReference: {fileID: 0}
    m_RemovedComponents: []
  m_SourcePrefab: {fileID: 100100000, guid: 5d7c7486aa201204597addb3bc5839d3, type: 3}
--- !u!4 &221025801 stripped
Transform:
  m_CorrespondingSourceObject: {fileID: 6867297054333969167, guid: 5d7c7486aa201204597addb3bc5839d3,
    type: 3}
  m_PrefabInstance: {fileID: 221025800}
  m_PrefabAsset: {fileID: 0}
--- !u!1001 &377549311
PrefabInstance:
  m_ObjectHideFlags: 0
  serializedVersion: 2
  m_Modification:
    m_TransformParent: {fileID: 81185028}
    m_Modifications:
    - target: {fileID: 5620100080543012297, guid: e75ffcfad74f1d743aa076dc9a406ecc,
        type: 3}
      propertyPath: m_Name
      value: Floor
      objectReference: {fileID: 0}
    - target: {fileID: 5620100080543012299, guid: e75ffcfad74f1d743aa076dc9a406ecc,
        type: 3}
      propertyPath: m_Materials.Array.data[0]
      value: 
      objectReference: {fileID: 2100000, guid: 4877c316b94c3a949ae024a254ea6d6e, type: 2}
    - target: {fileID: 5620100080543012301, guid: e75ffcfad74f1d743aa076dc9a406ecc,
        type: 3}
      propertyPath: m_RootOrder
      value: 12
      objectReference: {fileID: 0}
    - target: {fileID: 5620100080543012301, guid: e75ffcfad74f1d743aa076dc9a406ecc,
        type: 3}
      propertyPath: m_LocalScale.x
      value: 29.688944
      objectReference: {fileID: 0}
    - target: {fileID: 5620100080543012301, guid: e75ffcfad74f1d743aa076dc9a406ecc,
        type: 3}
      propertyPath: m_LocalPosition.x
      value: -9.249001
      objectReference: {fileID: 0}
    - target: {fileID: 5620100080543012301, guid: e75ffcfad74f1d743aa076dc9a406ecc,
        type: 3}
      propertyPath: m_LocalPosition.y
      value: 0
      objectReference: {fileID: 0}
    - target: {fileID: 5620100080543012301, guid: e75ffcfad74f1d743aa076dc9a406ecc,
        type: 3}
      propertyPath: m_LocalPosition.z
      value: 0
      objectReference: {fileID: 0}
    - target: {fileID: 5620100080543012301, guid: e75ffcfad74f1d743aa076dc9a406ecc,
        type: 3}
      propertyPath: m_LocalRotation.w
      value: 1
      objectReference: {fileID: 0}
    - target: {fileID: 5620100080543012301, guid: e75ffcfad74f1d743aa076dc9a406ecc,
        type: 3}
      propertyPath: m_LocalRotation.x
      value: -0
      objectReference: {fileID: 0}
    - target: {fileID: 5620100080543012301, guid: e75ffcfad74f1d743aa076dc9a406ecc,
        type: 3}
      propertyPath: m_LocalRotation.y
      value: -0
      objectReference: {fileID: 0}
    - target: {fileID: 5620100080543012301, guid: e75ffcfad74f1d743aa076dc9a406ecc,
        type: 3}
      propertyPath: m_LocalRotation.z
      value: -0
      objectReference: {fileID: 0}
    - target: {fileID: 5620100080543012301, guid: e75ffcfad74f1d743aa076dc9a406ecc,
        type: 3}
      propertyPath: m_LocalEulerAnglesHint.x
      value: 0
      objectReference: {fileID: 0}
    - target: {fileID: 5620100080543012301, guid: e75ffcfad74f1d743aa076dc9a406ecc,
        type: 3}
      propertyPath: m_LocalEulerAnglesHint.y
      value: 0
      objectReference: {fileID: 0}
    - target: {fileID: 5620100080543012301, guid: e75ffcfad74f1d743aa076dc9a406ecc,
        type: 3}
      propertyPath: m_LocalEulerAnglesHint.z
      value: 0
      objectReference: {fileID: 0}
    m_RemovedComponents: []
  m_SourcePrefab: {fileID: 100100000, guid: e75ffcfad74f1d743aa076dc9a406ecc, type: 3}
--- !u!4 &377549312 stripped
Transform:
  m_CorrespondingSourceObject: {fileID: 5620100080543012301, guid: e75ffcfad74f1d743aa076dc9a406ecc,
    type: 3}
  m_PrefabInstance: {fileID: 377549311}
  m_PrefabAsset: {fileID: 0}
--- !u!1001 &389337938
PrefabInstance:
  m_ObjectHideFlags: 0
  serializedVersion: 2
  m_Modification:
    m_TransformParent: {fileID: 81185028}
    m_Modifications:
    - target: {fileID: 1992632755488242778, guid: 4f559d9abd1579144a40b6b4b9281ee7,
        type: 3}
      propertyPath: m_RootOrder
      value: 8
      objectReference: {fileID: 0}
    - target: {fileID: 1992632755488242778, guid: 4f559d9abd1579144a40b6b4b9281ee7,
        type: 3}
      propertyPath: m_LocalScale.x
      value: 12.851094
      objectReference: {fileID: 0}
    - target: {fileID: 1992632755488242778, guid: 4f559d9abd1579144a40b6b4b9281ee7,
        type: 3}
      propertyPath: m_LocalScale.y
      value: 0.55473286
      objectReference: {fileID: 0}
    - target: {fileID: 1992632755488242778, guid: 4f559d9abd1579144a40b6b4b9281ee7,
        type: 3}
      propertyPath: m_LocalPosition.x
      value: 21.08
      objectReference: {fileID: 0}
    - target: {fileID: 1992632755488242778, guid: 4f559d9abd1579144a40b6b4b9281ee7,
        type: 3}
      propertyPath: m_LocalPosition.y
      value: 2.81
      objectReference: {fileID: 0}
    - target: {fileID: 1992632755488242778, guid: 4f559d9abd1579144a40b6b4b9281ee7,
        type: 3}
      propertyPath: m_LocalPosition.z
      value: 0
      objectReference: {fileID: 0}
    - target: {fileID: 1992632755488242778, guid: 4f559d9abd1579144a40b6b4b9281ee7,
        type: 3}
      propertyPath: m_LocalRotation.w
      value: 1
      objectReference: {fileID: 0}
    - target: {fileID: 1992632755488242778, guid: 4f559d9abd1579144a40b6b4b9281ee7,
        type: 3}
      propertyPath: m_LocalRotation.x
      value: -0
      objectReference: {fileID: 0}
    - target: {fileID: 1992632755488242778, guid: 4f559d9abd1579144a40b6b4b9281ee7,
        type: 3}
      propertyPath: m_LocalRotation.y
      value: -0
      objectReference: {fileID: 0}
    - target: {fileID: 1992632755488242778, guid: 4f559d9abd1579144a40b6b4b9281ee7,
        type: 3}
      propertyPath: m_LocalRotation.z
      value: -0
      objectReference: {fileID: 0}
    - target: {fileID: 1992632755488242778, guid: 4f559d9abd1579144a40b6b4b9281ee7,
        type: 3}
      propertyPath: m_LocalEulerAnglesHint.x
      value: 0
      objectReference: {fileID: 0}
    - target: {fileID: 1992632755488242778, guid: 4f559d9abd1579144a40b6b4b9281ee7,
        type: 3}
      propertyPath: m_LocalEulerAnglesHint.y
      value: 0
      objectReference: {fileID: 0}
    - target: {fileID: 1992632755488242778, guid: 4f559d9abd1579144a40b6b4b9281ee7,
        type: 3}
      propertyPath: m_LocalEulerAnglesHint.z
      value: 0
      objectReference: {fileID: 0}
    - target: {fileID: 1992632755488242780, guid: 4f559d9abd1579144a40b6b4b9281ee7,
        type: 3}
      propertyPath: m_Materials.Array.data[0]
      value: 
      objectReference: {fileID: 2100000, guid: 4877c316b94c3a949ae024a254ea6d6e, type: 2}
    - target: {fileID: 1992632755488242782, guid: 4f559d9abd1579144a40b6b4b9281ee7,
        type: 3}
      propertyPath: m_Name
      value: Wall (12)
      objectReference: {fileID: 0}
    - target: {fileID: 1992632755488242782, guid: 4f559d9abd1579144a40b6b4b9281ee7,
        type: 3}
      propertyPath: m_IsActive
      value: 1
      objectReference: {fileID: 0}
    m_RemovedComponents: []
  m_SourcePrefab: {fileID: 100100000, guid: 4f559d9abd1579144a40b6b4b9281ee7, type: 3}
--- !u!4 &389337939 stripped
Transform:
  m_CorrespondingSourceObject: {fileID: 1992632755488242778, guid: 4f559d9abd1579144a40b6b4b9281ee7,
    type: 3}
  m_PrefabInstance: {fileID: 389337938}
  m_PrefabAsset: {fileID: 0}
--- !u!1001 &652657760
PrefabInstance:
  m_ObjectHideFlags: 0
  serializedVersion: 2
  m_Modification:
    m_TransformParent: {fileID: 81185028}
    m_Modifications:
    - target: {fileID: 1992632755488242778, guid: 4f559d9abd1579144a40b6b4b9281ee7,
        type: 3}
      propertyPath: m_RootOrder
      value: 6
      objectReference: {fileID: 0}
    - target: {fileID: 1992632755488242778, guid: 4f559d9abd1579144a40b6b4b9281ee7,
        type: 3}
      propertyPath: m_LocalScale.x
      value: 12.851094
      objectReference: {fileID: 0}
    - target: {fileID: 1992632755488242778, guid: 4f559d9abd1579144a40b6b4b9281ee7,
        type: 3}
      propertyPath: m_LocalScale.y
      value: 0.55473286
      objectReference: {fileID: 0}
    - target: {fileID: 1992632755488242778, guid: 4f559d9abd1579144a40b6b4b9281ee7,
        type: 3}
      propertyPath: m_LocalPosition.x
      value: 36.51
      objectReference: {fileID: 0}
    - target: {fileID: 1992632755488242778, guid: 4f559d9abd1579144a40b6b4b9281ee7,
        type: 3}
      propertyPath: m_LocalPosition.y
      value: 5.759
      objectReference: {fileID: 0}
    - target: {fileID: 1992632755488242778, guid: 4f559d9abd1579144a40b6b4b9281ee7,
        type: 3}
      propertyPath: m_LocalPosition.z
      value: 0
      objectReference: {fileID: 0}
    - target: {fileID: 1992632755488242778, guid: 4f559d9abd1579144a40b6b4b9281ee7,
        type: 3}
      propertyPath: m_LocalRotation.w
      value: 1
      objectReference: {fileID: 0}
    - target: {fileID: 1992632755488242778, guid: 4f559d9abd1579144a40b6b4b9281ee7,
        type: 3}
      propertyPath: m_LocalRotation.x
      value: -0
      objectReference: {fileID: 0}
    - target: {fileID: 1992632755488242778, guid: 4f559d9abd1579144a40b6b4b9281ee7,
        type: 3}
      propertyPath: m_LocalRotation.y
      value: -0
      objectReference: {fileID: 0}
    - target: {fileID: 1992632755488242778, guid: 4f559d9abd1579144a40b6b4b9281ee7,
        type: 3}
      propertyPath: m_LocalRotation.z
      value: -0
      objectReference: {fileID: 0}
    - target: {fileID: 1992632755488242778, guid: 4f559d9abd1579144a40b6b4b9281ee7,
        type: 3}
      propertyPath: m_LocalEulerAnglesHint.x
      value: 0
      objectReference: {fileID: 0}
    - target: {fileID: 1992632755488242778, guid: 4f559d9abd1579144a40b6b4b9281ee7,
        type: 3}
      propertyPath: m_LocalEulerAnglesHint.y
      value: 0
      objectReference: {fileID: 0}
    - target: {fileID: 1992632755488242778, guid: 4f559d9abd1579144a40b6b4b9281ee7,
        type: 3}
      propertyPath: m_LocalEulerAnglesHint.z
      value: 0
      objectReference: {fileID: 0}
    - target: {fileID: 1992632755488242780, guid: 4f559d9abd1579144a40b6b4b9281ee7,
        type: 3}
      propertyPath: m_Materials.Array.data[0]
      value: 
      objectReference: {fileID: 2100000, guid: 4877c316b94c3a949ae024a254ea6d6e, type: 2}
    - target: {fileID: 1992632755488242782, guid: 4f559d9abd1579144a40b6b4b9281ee7,
        type: 3}
      propertyPath: m_Name
      value: Wall (10)
      objectReference: {fileID: 0}
    - target: {fileID: 1992632755488242782, guid: 4f559d9abd1579144a40b6b4b9281ee7,
        type: 3}
      propertyPath: m_IsActive
      value: 1
      objectReference: {fileID: 0}
    m_RemovedComponents: []
  m_SourcePrefab: {fileID: 100100000, guid: 4f559d9abd1579144a40b6b4b9281ee7, type: 3}
--- !u!4 &652657761 stripped
Transform:
  m_CorrespondingSourceObject: {fileID: 1992632755488242778, guid: 4f559d9abd1579144a40b6b4b9281ee7,
    type: 3}
  m_PrefabInstance: {fileID: 652657760}
  m_PrefabAsset: {fileID: 0}
--- !u!1 &684316281
GameObject:
  m_ObjectHideFlags: 0
  m_CorrespondingSourceObject: {fileID: 0}
  m_PrefabInstance: {fileID: 0}
  m_PrefabAsset: {fileID: 0}
  serializedVersion: 6
  m_Component:
  - component: {fileID: 684316283}
  - component: {fileID: 684316282}
  m_Layer: 0
  m_Name: Directional Light
  m_TagString: Untagged
  m_Icon: {fileID: 0}
  m_NavMeshLayer: 0
  m_StaticEditorFlags: 0
  m_IsActive: 1
--- !u!108 &684316282
Light:
  m_ObjectHideFlags: 0
  m_CorrespondingSourceObject: {fileID: 0}
  m_PrefabInstance: {fileID: 0}
  m_PrefabAsset: {fileID: 0}
  m_GameObject: {fileID: 684316281}
  m_Enabled: 1
  serializedVersion: 10
  m_Type: 1
  m_Shape: 0
  m_Color: {r: 1, g: 0.95686275, b: 0.8392157, a: 1}
  m_Intensity: 1
  m_Range: 10
  m_SpotAngle: 30
  m_InnerSpotAngle: 21.80208
  m_CookieSize: 10
  m_Shadows:
    m_Type: 2
    m_Resolution: -1
    m_CustomResolution: -1
    m_Strength: 1
    m_Bias: 0.05
    m_NormalBias: 0.4
    m_NearPlane: 0.2
    m_CullingMatrixOverride:
      e00: 1
      e01: 0
      e02: 0
      e03: 0
      e10: 0
      e11: 1
      e12: 0
      e13: 0
      e20: 0
      e21: 0
      e22: 1
      e23: 0
      e30: 0
      e31: 0
      e32: 0
      e33: 1
    m_UseCullingMatrixOverride: 0
  m_Cookie: {fileID: 0}
  m_DrawHalo: 0
  m_Flare: {fileID: 0}
  m_RenderMode: 0
  m_CullingMask:
    serializedVersion: 2
    m_Bits: 4294967295
  m_RenderingLayerMask: 1
  m_Lightmapping: 4
  m_LightShadowCasterMode: 0
  m_AreaSize: {x: 1, y: 1}
  m_BounceIntensity: 1
  m_ColorTemperature: 6570
  m_UseColorTemperature: 0
  m_BoundingSphereOverride: {x: 0, y: 0, z: 0, w: 0}
  m_UseBoundingSphereOverride: 0
  m_UseViewFrustumForShadowCasterCull: 1
  m_ShadowRadius: 0
  m_ShadowAngle: 0
--- !u!4 &684316283
Transform:
  m_ObjectHideFlags: 0
  m_CorrespondingSourceObject: {fileID: 0}
  m_PrefabInstance: {fileID: 0}
  m_PrefabAsset: {fileID: 0}
  m_GameObject: {fileID: 684316281}
  m_LocalRotation: {x: 0.40821788, y: -0.23456968, z: 0.10938163, w: 0.8754261}
  m_LocalPosition: {x: 0, y: 3, z: 0}
  m_LocalScale: {x: 1, y: 1, z: 1}
  m_Children: []
  m_Father: {fileID: 0}
  m_RootOrder: 0
  m_LocalEulerAnglesHint: {x: 50, y: -30, z: 0}
--- !u!1001 &721217076
PrefabInstance:
  m_ObjectHideFlags: 0
  serializedVersion: 2
  m_Modification:
    m_TransformParent: {fileID: 1169353444}
    m_Modifications:
    - target: {fileID: 6867297054333969162, guid: 5d7c7486aa201204597addb3bc5839d3,
        type: 3}
      propertyPath: m_Name
      value: Trampoline (4)
      objectReference: {fileID: 0}
    - target: {fileID: 6867297054333969163, guid: 5d7c7486aa201204597addb3bc5839d3,
        type: 3}
      propertyPath: _bouncePower
      value: 12
      objectReference: {fileID: 0}
    - target: {fileID: 6867297054333969167, guid: 5d7c7486aa201204597addb3bc5839d3,
        type: 3}
      propertyPath: m_RootOrder
      value: 4
      objectReference: {fileID: 0}
    - target: {fileID: 6867297054333969167, guid: 5d7c7486aa201204597addb3bc5839d3,
        type: 3}
      propertyPath: m_LocalPosition.x
      value: 5.2
      objectReference: {fileID: 0}
    - target: {fileID: 6867297054333969167, guid: 5d7c7486aa201204597addb3bc5839d3,
        type: 3}
      propertyPath: m_LocalPosition.y
      value: 8.45
      objectReference: {fileID: 0}
    - target: {fileID: 6867297054333969167, guid: 5d7c7486aa201204597addb3bc5839d3,
        type: 3}
      propertyPath: m_LocalPosition.z
      value: 0.011474609
      objectReference: {fileID: 0}
    - target: {fileID: 6867297054333969167, guid: 5d7c7486aa201204597addb3bc5839d3,
        type: 3}
      propertyPath: m_LocalRotation.w
      value: 1
      objectReference: {fileID: 0}
    - target: {fileID: 6867297054333969167, guid: 5d7c7486aa201204597addb3bc5839d3,
        type: 3}
      propertyPath: m_LocalRotation.x
      value: -0
      objectReference: {fileID: 0}
    - target: {fileID: 6867297054333969167, guid: 5d7c7486aa201204597addb3bc5839d3,
        type: 3}
      propertyPath: m_LocalRotation.y
      value: -0
      objectReference: {fileID: 0}
    - target: {fileID: 6867297054333969167, guid: 5d7c7486aa201204597addb3bc5839d3,
        type: 3}
      propertyPath: m_LocalRotation.z
      value: -0
      objectReference: {fileID: 0}
    - target: {fileID: 6867297054333969167, guid: 5d7c7486aa201204597addb3bc5839d3,
        type: 3}
      propertyPath: m_LocalEulerAnglesHint.x
      value: 0
      objectReference: {fileID: 0}
    - target: {fileID: 6867297054333969167, guid: 5d7c7486aa201204597addb3bc5839d3,
        type: 3}
      propertyPath: m_LocalEulerAnglesHint.y
      value: 0
      objectReference: {fileID: 0}
    - target: {fileID: 6867297054333969167, guid: 5d7c7486aa201204597addb3bc5839d3,
        type: 3}
      propertyPath: m_LocalEulerAnglesHint.z
      value: 0
      objectReference: {fileID: 0}
    m_RemovedComponents: []
  m_SourcePrefab: {fileID: 100100000, guid: 5d7c7486aa201204597addb3bc5839d3, type: 3}
--- !u!4 &721217077 stripped
Transform:
  m_CorrespondingSourceObject: {fileID: 6867297054333969167, guid: 5d7c7486aa201204597addb3bc5839d3,
    type: 3}
  m_PrefabInstance: {fileID: 721217076}
  m_PrefabAsset: {fileID: 0}
--- !u!1001 &813957513
PrefabInstance:
  m_ObjectHideFlags: 0
  serializedVersion: 2
  m_Modification:
    m_TransformParent: {fileID: 1169353444}
    m_Modifications:
    - target: {fileID: 6867297054333969162, guid: 5d7c7486aa201204597addb3bc5839d3,
        type: 3}
      propertyPath: m_Name
      value: Trampoline (3)
      objectReference: {fileID: 0}
    - target: {fileID: 6867297054333969167, guid: 5d7c7486aa201204597addb3bc5839d3,
        type: 3}
      propertyPath: m_RootOrder
      value: 2
      objectReference: {fileID: 0}
    - target: {fileID: 6867297054333969167, guid: 5d7c7486aa201204597addb3bc5839d3,
        type: 3}
      propertyPath: m_LocalPosition.x
      value: -15.040001
      objectReference: {fileID: 0}
    - target: {fileID: 6867297054333969167, guid: 5d7c7486aa201204597addb3bc5839d3,
        type: 3}
      propertyPath: m_LocalPosition.y
      value: 6.14
      objectReference: {fileID: 0}
    - target: {fileID: 6867297054333969167, guid: 5d7c7486aa201204597addb3bc5839d3,
        type: 3}
      propertyPath: m_LocalPosition.z
      value: 0.011474609
      objectReference: {fileID: 0}
    - target: {fileID: 6867297054333969167, guid: 5d7c7486aa201204597addb3bc5839d3,
        type: 3}
      propertyPath: m_LocalRotation.w
      value: 1
      objectReference: {fileID: 0}
    - target: {fileID: 6867297054333969167, guid: 5d7c7486aa201204597addb3bc5839d3,
        type: 3}
      propertyPath: m_LocalRotation.x
      value: -0
      objectReference: {fileID: 0}
    - target: {fileID: 6867297054333969167, guid: 5d7c7486aa201204597addb3bc5839d3,
        type: 3}
      propertyPath: m_LocalRotation.y
      value: -0
      objectReference: {fileID: 0}
    - target: {fileID: 6867297054333969167, guid: 5d7c7486aa201204597addb3bc5839d3,
        type: 3}
      propertyPath: m_LocalRotation.z
      value: -0
      objectReference: {fileID: 0}
    - target: {fileID: 6867297054333969167, guid: 5d7c7486aa201204597addb3bc5839d3,
        type: 3}
      propertyPath: m_LocalEulerAnglesHint.x
      value: 0
      objectReference: {fileID: 0}
    - target: {fileID: 6867297054333969167, guid: 5d7c7486aa201204597addb3bc5839d3,
        type: 3}
      propertyPath: m_LocalEulerAnglesHint.y
      value: 0
      objectReference: {fileID: 0}
    - target: {fileID: 6867297054333969167, guid: 5d7c7486aa201204597addb3bc5839d3,
        type: 3}
      propertyPath: m_LocalEulerAnglesHint.z
      value: 0
      objectReference: {fileID: 0}
    m_RemovedComponents: []
  m_SourcePrefab: {fileID: 100100000, guid: 5d7c7486aa201204597addb3bc5839d3, type: 3}
--- !u!4 &813957514 stripped
Transform:
  m_CorrespondingSourceObject: {fileID: 6867297054333969167, guid: 5d7c7486aa201204597addb3bc5839d3,
    type: 3}
  m_PrefabInstance: {fileID: 813957513}
  m_PrefabAsset: {fileID: 0}
--- !u!1001 &850142922
PrefabInstance:
  m_ObjectHideFlags: 0
  serializedVersion: 2
  m_Modification:
    m_TransformParent: {fileID: 81185028}
    m_Modifications:
    - target: {fileID: 1992632755488242778, guid: 4f559d9abd1579144a40b6b4b9281ee7,
        type: 3}
      propertyPath: m_RootOrder
      value: 10
      objectReference: {fileID: 0}
    - target: {fileID: 1992632755488242778, guid: 4f559d9abd1579144a40b6b4b9281ee7,
        type: 3}
      propertyPath: m_LocalScale.x
      value: 0.4175748
      objectReference: {fileID: 0}
    - target: {fileID: 1992632755488242778, guid: 4f559d9abd1579144a40b6b4b9281ee7,
        type: 3}
      propertyPath: m_LocalPosition.x
      value: 12.61
      objectReference: {fileID: 0}
    - target: {fileID: 1992632755488242778, guid: 4f559d9abd1579144a40b6b4b9281ee7,
        type: 3}
      propertyPath: m_LocalPosition.y
      value: 6.25
      objectReference: {fileID: 0}
    - target: {fileID: 1992632755488242778, guid: 4f559d9abd1579144a40b6b4b9281ee7,
        type: 3}
      propertyPath: m_LocalPosition.z
      value: 0
      objectReference: {fileID: 0}
    - target: {fileID: 1992632755488242778, guid: 4f559d9abd1579144a40b6b4b9281ee7,
        type: 3}
      propertyPath: m_LocalRotation.w
      value: 1
      objectReference: {fileID: 0}
    - target: {fileID: 1992632755488242778, guid: 4f559d9abd1579144a40b6b4b9281ee7,
        type: 3}
      propertyPath: m_LocalRotation.x
      value: -0
      objectReference: {fileID: 0}
    - target: {fileID: 1992632755488242778, guid: 4f559d9abd1579144a40b6b4b9281ee7,
        type: 3}
      propertyPath: m_LocalRotation.y
      value: -0
      objectReference: {fileID: 0}
    - target: {fileID: 1992632755488242778, guid: 4f559d9abd1579144a40b6b4b9281ee7,
        type: 3}
      propertyPath: m_LocalRotation.z
      value: -0
      objectReference: {fileID: 0}
    - target: {fileID: 1992632755488242778, guid: 4f559d9abd1579144a40b6b4b9281ee7,
        type: 3}
      propertyPath: m_LocalEulerAnglesHint.x
      value: 0
      objectReference: {fileID: 0}
    - target: {fileID: 1992632755488242778, guid: 4f559d9abd1579144a40b6b4b9281ee7,
        type: 3}
      propertyPath: m_LocalEulerAnglesHint.y
      value: 0
      objectReference: {fileID: 0}
    - target: {fileID: 1992632755488242778, guid: 4f559d9abd1579144a40b6b4b9281ee7,
        type: 3}
      propertyPath: m_LocalEulerAnglesHint.z
      value: 0
      objectReference: {fileID: 0}
    - target: {fileID: 1992632755488242780, guid: 4f559d9abd1579144a40b6b4b9281ee7,
        type: 3}
      propertyPath: m_Materials.Array.data[0]
      value: 
      objectReference: {fileID: 2100000, guid: 4877c316b94c3a949ae024a254ea6d6e, type: 2}
    - target: {fileID: 1992632755488242782, guid: 4f559d9abd1579144a40b6b4b9281ee7,
        type: 3}
      propertyPath: m_Name
      value: Wall (14)
      objectReference: {fileID: 0}
    - target: {fileID: 1992632755488242782, guid: 4f559d9abd1579144a40b6b4b9281ee7,
        type: 3}
      propertyPath: m_IsActive
      value: 1
      objectReference: {fileID: 0}
    m_RemovedComponents: []
  m_SourcePrefab: {fileID: 100100000, guid: 4f559d9abd1579144a40b6b4b9281ee7, type: 3}
--- !u!4 &850142923 stripped
Transform:
  m_CorrespondingSourceObject: {fileID: 1992632755488242778, guid: 4f559d9abd1579144a40b6b4b9281ee7,
    type: 3}
  m_PrefabInstance: {fileID: 850142922}
  m_PrefabAsset: {fileID: 0}
--- !u!1001 &862222508
PrefabInstance:
  m_ObjectHideFlags: 0
  serializedVersion: 2
  m_Modification:
    m_TransformParent: {fileID: 81185028}
    m_Modifications:
    - target: {fileID: 1992632755488242778, guid: 4f559d9abd1579144a40b6b4b9281ee7,
        type: 3}
      propertyPath: m_RootOrder
      value: 2
      objectReference: {fileID: 0}
    - target: {fileID: 1992632755488242778, guid: 4f559d9abd1579144a40b6b4b9281ee7,
        type: 3}
      propertyPath: m_LocalScale.x
      value: 14.182467
      objectReference: {fileID: 0}
    - target: {fileID: 1992632755488242778, guid: 4f559d9abd1579144a40b6b4b9281ee7,
        type: 3}
      propertyPath: m_LocalScale.y
      value: 0.55473286
      objectReference: {fileID: 0}
    - target: {fileID: 1992632755488242778, guid: 4f559d9abd1579144a40b6b4b9281ee7,
        type: 3}
      propertyPath: m_LocalPosition.x
      value: -21.374
      objectReference: {fileID: 0}
    - target: {fileID: 1992632755488242778, guid: 4f559d9abd1579144a40b6b4b9281ee7,
        type: 3}
      propertyPath: m_LocalPosition.y
      value: 5.759
      objectReference: {fileID: 0}
    - target: {fileID: 1992632755488242778, guid: 4f559d9abd1579144a40b6b4b9281ee7,
        type: 3}
      propertyPath: m_LocalPosition.z
      value: 0
      objectReference: {fileID: 0}
    - target: {fileID: 1992632755488242778, guid: 4f559d9abd1579144a40b6b4b9281ee7,
        type: 3}
      propertyPath: m_LocalRotation.w
      value: 1
      objectReference: {fileID: 0}
    - target: {fileID: 1992632755488242778, guid: 4f559d9abd1579144a40b6b4b9281ee7,
        type: 3}
      propertyPath: m_LocalRotation.x
      value: -0
      objectReference: {fileID: 0}
    - target: {fileID: 1992632755488242778, guid: 4f559d9abd1579144a40b6b4b9281ee7,
        type: 3}
      propertyPath: m_LocalRotation.y
      value: -0
      objectReference: {fileID: 0}
    - target: {fileID: 1992632755488242778, guid: 4f559d9abd1579144a40b6b4b9281ee7,
        type: 3}
      propertyPath: m_LocalRotation.z
      value: -0
      objectReference: {fileID: 0}
    - target: {fileID: 1992632755488242778, guid: 4f559d9abd1579144a40b6b4b9281ee7,
        type: 3}
      propertyPath: m_LocalEulerAnglesHint.x
      value: 0
      objectReference: {fileID: 0}
    - target: {fileID: 1992632755488242778, guid: 4f559d9abd1579144a40b6b4b9281ee7,
        type: 3}
      propertyPath: m_LocalEulerAnglesHint.y
      value: 0
      objectReference: {fileID: 0}
    - target: {fileID: 1992632755488242778, guid: 4f559d9abd1579144a40b6b4b9281ee7,
        type: 3}
      propertyPath: m_LocalEulerAnglesHint.z
      value: 0
      objectReference: {fileID: 0}
    - target: {fileID: 1992632755488242780, guid: 4f559d9abd1579144a40b6b4b9281ee7,
        type: 3}
      propertyPath: m_Materials.Array.data[0]
      value: 
      objectReference: {fileID: 2100000, guid: 4877c316b94c3a949ae024a254ea6d6e, type: 2}
    - target: {fileID: 1992632755488242782, guid: 4f559d9abd1579144a40b6b4b9281ee7,
        type: 3}
      propertyPath: m_Name
      value: Wall (6)
      objectReference: {fileID: 0}
    - target: {fileID: 1992632755488242782, guid: 4f559d9abd1579144a40b6b4b9281ee7,
        type: 3}
      propertyPath: m_IsActive
      value: 1
      objectReference: {fileID: 0}
    m_RemovedComponents: []
  m_SourcePrefab: {fileID: 100100000, guid: 4f559d9abd1579144a40b6b4b9281ee7, type: 3}
--- !u!4 &862222509 stripped
Transform:
  m_CorrespondingSourceObject: {fileID: 1992632755488242778, guid: 4f559d9abd1579144a40b6b4b9281ee7,
    type: 3}
  m_PrefabInstance: {fileID: 862222508}
  m_PrefabAsset: {fileID: 0}
--- !u!1001 &938714572
PrefabInstance:
  m_ObjectHideFlags: 0
  serializedVersion: 2
  m_Modification:
    m_TransformParent: {fileID: 81185028}
    m_Modifications:
    - target: {fileID: 1992632755488242778, guid: 4f559d9abd1579144a40b6b4b9281ee7,
        type: 3}
      propertyPath: m_RootOrder
      value: 4
      objectReference: {fileID: 0}
    - target: {fileID: 1992632755488242778, guid: 4f559d9abd1579144a40b6b4b9281ee7,
        type: 3}
      propertyPath: m_LocalScale.x
      value: 17.526096
      objectReference: {fileID: 0}
    - target: {fileID: 1992632755488242778, guid: 4f559d9abd1579144a40b6b4b9281ee7,
        type: 3}
      propertyPath: m_LocalScale.y
      value: 0.5521546
      objectReference: {fileID: 0}
    - target: {fileID: 1992632755488242778, guid: 4f559d9abd1579144a40b6b4b9281ee7,
        type: 3}
      propertyPath: m_LocalPosition.x
      value: -1.684
      objectReference: {fileID: 0}
    - target: {fileID: 1992632755488242778, guid: 4f559d9abd1579144a40b6b4b9281ee7,
        type: 3}
      propertyPath: m_LocalPosition.y
      value: 8
      objectReference: {fileID: 0}
    - target: {fileID: 1992632755488242778, guid: 4f559d9abd1579144a40b6b4b9281ee7,
        type: 3}
      propertyPath: m_LocalPosition.z
      value: 0
      objectReference: {fileID: 0}
    - target: {fileID: 1992632755488242778, guid: 4f559d9abd1579144a40b6b4b9281ee7,
        type: 3}
      propertyPath: m_LocalRotation.w
      value: 1
      objectReference: {fileID: 0}
    - target: {fileID: 1992632755488242778, guid: 4f559d9abd1579144a40b6b4b9281ee7,
        type: 3}
      propertyPath: m_LocalRotation.x
      value: -0
      objectReference: {fileID: 0}
    - target: {fileID: 1992632755488242778, guid: 4f559d9abd1579144a40b6b4b9281ee7,
        type: 3}
      propertyPath: m_LocalRotation.y
      value: -0
      objectReference: {fileID: 0}
    - target: {fileID: 1992632755488242778, guid: 4f559d9abd1579144a40b6b4b9281ee7,
        type: 3}
      propertyPath: m_LocalRotation.z
      value: -0
      objectReference: {fileID: 0}
    - target: {fileID: 1992632755488242778, guid: 4f559d9abd1579144a40b6b4b9281ee7,
        type: 3}
      propertyPath: m_LocalEulerAnglesHint.x
      value: 0
      objectReference: {fileID: 0}
    - target: {fileID: 1992632755488242778, guid: 4f559d9abd1579144a40b6b4b9281ee7,
        type: 3}
      propertyPath: m_LocalEulerAnglesHint.y
      value: 0
      objectReference: {fileID: 0}
    - target: {fileID: 1992632755488242778, guid: 4f559d9abd1579144a40b6b4b9281ee7,
        type: 3}
      propertyPath: m_LocalEulerAnglesHint.z
      value: 0
      objectReference: {fileID: 0}
    - target: {fileID: 1992632755488242780, guid: 4f559d9abd1579144a40b6b4b9281ee7,
        type: 3}
      propertyPath: m_Materials.Array.data[0]
      value: 
      objectReference: {fileID: 2100000, guid: 4877c316b94c3a949ae024a254ea6d6e, type: 2}
    - target: {fileID: 1992632755488242782, guid: 4f559d9abd1579144a40b6b4b9281ee7,
        type: 3}
      propertyPath: m_Name
      value: Wall (8)
      objectReference: {fileID: 0}
    - target: {fileID: 1992632755488242782, guid: 4f559d9abd1579144a40b6b4b9281ee7,
        type: 3}
      propertyPath: m_IsActive
      value: 1
      objectReference: {fileID: 0}
    m_RemovedComponents: []
  m_SourcePrefab: {fileID: 100100000, guid: 4f559d9abd1579144a40b6b4b9281ee7, type: 3}
--- !u!4 &938714573 stripped
Transform:
  m_CorrespondingSourceObject: {fileID: 1992632755488242778, guid: 4f559d9abd1579144a40b6b4b9281ee7,
    type: 3}
  m_PrefabInstance: {fileID: 938714572}
  m_PrefabAsset: {fileID: 0}
--- !u!1 &954180492
GameObject:
  m_ObjectHideFlags: 0
  m_CorrespondingSourceObject: {fileID: 0}
  m_PrefabInstance: {fileID: 0}
  m_PrefabAsset: {fileID: 0}
  serializedVersion: 6
  m_Component:
  - component: {fileID: 954180493}
  m_Layer: 8
  m_Name: TrailPoint1.1
  m_TagString: Untagged
  m_Icon: {fileID: 0}
  m_NavMeshLayer: 0
  m_StaticEditorFlags: 0
  m_IsActive: 1
--- !u!4 &954180493
Transform:
  m_ObjectHideFlags: 0
  m_CorrespondingSourceObject: {fileID: 0}
  m_PrefabInstance: {fileID: 0}
  m_PrefabAsset: {fileID: 0}
  m_GameObject: {fileID: 954180492}
  m_LocalRotation: {x: -0, y: -0, z: -0, w: 1}
  m_LocalPosition: {x: 11.057459, y: -8.421686, z: 61.015274}
  m_LocalScale: {x: 1, y: 1, z: 1}
  m_Children: []
  m_Father: {fileID: 1681029099}
  m_RootOrder: 1
  m_LocalEulerAnglesHint: {x: 0, y: 0, z: 0}
--- !u!1001 &1021894621
PrefabInstance:
  m_ObjectHideFlags: 0
  serializedVersion: 2
  m_Modification:
    m_TransformParent: {fileID: 81185028}
    m_Modifications:
    - target: {fileID: 1992632755488242778, guid: 4f559d9abd1579144a40b6b4b9281ee7,
        type: 3}
      propertyPath: m_RootOrder
      value: 5
      objectReference: {fileID: 0}
    - target: {fileID: 1992632755488242778, guid: 4f559d9abd1579144a40b6b4b9281ee7,
        type: 3}
      propertyPath: m_LocalScale.x
      value: 17.526096
      objectReference: {fileID: 0}
    - target: {fileID: 1992632755488242778, guid: 4f559d9abd1579144a40b6b4b9281ee7,
        type: 3}
      propertyPath: m_LocalScale.y
      value: 0.5521546
      objectReference: {fileID: 0}
    - target: {fileID: 1992632755488242778, guid: 4f559d9abd1579144a40b6b4b9281ee7,
        type: 3}
      propertyPath: m_LocalPosition.x
      value: 21.15
      objectReference: {fileID: 0}
    - target: {fileID: 1992632755488242778, guid: 4f559d9abd1579144a40b6b4b9281ee7,
        type: 3}
      propertyPath: m_LocalPosition.y
      value: 8
      objectReference: {fileID: 0}
    - target: {fileID: 1992632755488242778, guid: 4f559d9abd1579144a40b6b4b9281ee7,
        type: 3}
      propertyPath: m_LocalPosition.z
      value: 0
      objectReference: {fileID: 0}
    - target: {fileID: 1992632755488242778, guid: 4f559d9abd1579144a40b6b4b9281ee7,
        type: 3}
      propertyPath: m_LocalRotation.w
      value: 1
      objectReference: {fileID: 0}
    - target: {fileID: 1992632755488242778, guid: 4f559d9abd1579144a40b6b4b9281ee7,
        type: 3}
      propertyPath: m_LocalRotation.x
      value: -0
      objectReference: {fileID: 0}
    - target: {fileID: 1992632755488242778, guid: 4f559d9abd1579144a40b6b4b9281ee7,
        type: 3}
      propertyPath: m_LocalRotation.y
      value: -0
      objectReference: {fileID: 0}
    - target: {fileID: 1992632755488242778, guid: 4f559d9abd1579144a40b6b4b9281ee7,
        type: 3}
      propertyPath: m_LocalRotation.z
      value: -0
      objectReference: {fileID: 0}
    - target: {fileID: 1992632755488242778, guid: 4f559d9abd1579144a40b6b4b9281ee7,
        type: 3}
      propertyPath: m_LocalEulerAnglesHint.x
      value: 0
      objectReference: {fileID: 0}
    - target: {fileID: 1992632755488242778, guid: 4f559d9abd1579144a40b6b4b9281ee7,
        type: 3}
      propertyPath: m_LocalEulerAnglesHint.y
      value: 0
      objectReference: {fileID: 0}
    - target: {fileID: 1992632755488242778, guid: 4f559d9abd1579144a40b6b4b9281ee7,
        type: 3}
      propertyPath: m_LocalEulerAnglesHint.z
      value: 0
      objectReference: {fileID: 0}
    - target: {fileID: 1992632755488242780, guid: 4f559d9abd1579144a40b6b4b9281ee7,
        type: 3}
      propertyPath: m_Materials.Array.data[0]
      value: 
      objectReference: {fileID: 2100000, guid: 4877c316b94c3a949ae024a254ea6d6e, type: 2}
    - target: {fileID: 1992632755488242782, guid: 4f559d9abd1579144a40b6b4b9281ee7,
        type: 3}
      propertyPath: m_Name
      value: Wall (9)
      objectReference: {fileID: 0}
    - target: {fileID: 1992632755488242782, guid: 4f559d9abd1579144a40b6b4b9281ee7,
        type: 3}
      propertyPath: m_IsActive
      value: 1
      objectReference: {fileID: 0}
    m_RemovedComponents: []
  m_SourcePrefab: {fileID: 100100000, guid: 4f559d9abd1579144a40b6b4b9281ee7, type: 3}
--- !u!4 &1021894622 stripped
Transform:
  m_CorrespondingSourceObject: {fileID: 1992632755488242778, guid: 4f559d9abd1579144a40b6b4b9281ee7,
    type: 3}
  m_PrefabInstance: {fileID: 1021894621}
  m_PrefabAsset: {fileID: 0}
--- !u!1001 &1056127591
PrefabInstance:
  m_ObjectHideFlags: 0
  serializedVersion: 2
  m_Modification:
    m_TransformParent: {fileID: 1169353444}
    m_Modifications:
    - target: {fileID: 5878599885704667059, guid: 14378868b06d6894a800f0822de518e9,
        type: 3}
      propertyPath: m_RootOrder
      value: 6
      objectReference: {fileID: 0}
    - target: {fileID: 5878599885704667059, guid: 14378868b06d6894a800f0822de518e9,
        type: 3}
      propertyPath: m_LocalScale.z
      value: 2
      objectReference: {fileID: 0}
    - target: {fileID: 5878599885704667059, guid: 14378868b06d6894a800f0822de518e9,
        type: 3}
      propertyPath: m_LocalPosition.x
      value: 2.0307817
      objectReference: {fileID: 0}
    - target: {fileID: 5878599885704667059, guid: 14378868b06d6894a800f0822de518e9,
        type: 3}
      propertyPath: m_LocalPosition.y
      value: 8.71
      objectReference: {fileID: 0}
    - target: {fileID: 5878599885704667059, guid: 14378868b06d6894a800f0822de518e9,
        type: 3}
      propertyPath: m_LocalPosition.z
      value: 0
      objectReference: {fileID: 0}
    - target: {fileID: 5878599885704667059, guid: 14378868b06d6894a800f0822de518e9,
        type: 3}
      propertyPath: m_LocalRotation.w
      value: 1
      objectReference: {fileID: 0}
    - target: {fileID: 5878599885704667059, guid: 14378868b06d6894a800f0822de518e9,
        type: 3}
      propertyPath: m_LocalRotation.x
      value: -0
      objectReference: {fileID: 0}
    - target: {fileID: 5878599885704667059, guid: 14378868b06d6894a800f0822de518e9,
        type: 3}
      propertyPath: m_LocalRotation.y
      value: -0
      objectReference: {fileID: 0}
    - target: {fileID: 5878599885704667059, guid: 14378868b06d6894a800f0822de518e9,
        type: 3}
      propertyPath: m_LocalRotation.z
      value: -0
      objectReference: {fileID: 0}
    - target: {fileID: 5878599885704667059, guid: 14378868b06d6894a800f0822de518e9,
        type: 3}
      propertyPath: m_LocalEulerAnglesHint.x
      value: 0
      objectReference: {fileID: 0}
    - target: {fileID: 5878599885704667059, guid: 14378868b06d6894a800f0822de518e9,
        type: 3}
      propertyPath: m_LocalEulerAnglesHint.y
      value: 0
      objectReference: {fileID: 0}
    - target: {fileID: 5878599885704667059, guid: 14378868b06d6894a800f0822de518e9,
        type: 3}
      propertyPath: m_LocalEulerAnglesHint.z
      value: 0
      objectReference: {fileID: 0}
    - target: {fileID: 5878599885704667068, guid: 14378868b06d6894a800f0822de518e9,
        type: 3}
      propertyPath: m_Name
      value: Obstacle (1)
      objectReference: {fileID: 0}
    m_RemovedComponents: []
  m_SourcePrefab: {fileID: 100100000, guid: 14378868b06d6894a800f0822de518e9, type: 3}
--- !u!4 &1056127592 stripped
Transform:
  m_CorrespondingSourceObject: {fileID: 5878599885704667059, guid: 14378868b06d6894a800f0822de518e9,
    type: 3}
  m_PrefabInstance: {fileID: 1056127591}
  m_PrefabAsset: {fileID: 0}
--- !u!1001 &1127638706
PrefabInstance:
  m_ObjectHideFlags: 0
  serializedVersion: 2
  m_Modification:
    m_TransformParent: {fileID: 1169353444}
    m_Modifications:
    - target: {fileID: 7539256165176281093, guid: 60e1a99da3d9b124b9c7e88033fc0850,
        type: 3}
      propertyPath: m_RootOrder
      value: 8
      objectReference: {fileID: 0}
    - target: {fileID: 7539256165176281093, guid: 60e1a99da3d9b124b9c7e88033fc0850,
        type: 3}
      propertyPath: m_LocalScale.x
      value: 150
      objectReference: {fileID: 0}
    - target: {fileID: 7539256165176281093, guid: 60e1a99da3d9b124b9c7e88033fc0850,
        type: 3}
      propertyPath: m_LocalPosition.x
      value: 6.6399994
      objectReference: {fileID: 0}
    - target: {fileID: 7539256165176281093, guid: 60e1a99da3d9b124b9c7e88033fc0850,
        type: 3}
      propertyPath: m_LocalPosition.y
      value: -8.440001
      objectReference: {fileID: 0}
    - target: {fileID: 7539256165176281093, guid: 60e1a99da3d9b124b9c7e88033fc0850,
        type: 3}
      propertyPath: m_LocalPosition.z
      value: 0
      objectReference: {fileID: 0}
    - target: {fileID: 7539256165176281093, guid: 60e1a99da3d9b124b9c7e88033fc0850,
        type: 3}
      propertyPath: m_LocalRotation.w
      value: 1
      objectReference: {fileID: 0}
    - target: {fileID: 7539256165176281093, guid: 60e1a99da3d9b124b9c7e88033fc0850,
        type: 3}
      propertyPath: m_LocalRotation.x
      value: -0
      objectReference: {fileID: 0}
    - target: {fileID: 7539256165176281093, guid: 60e1a99da3d9b124b9c7e88033fc0850,
        type: 3}
      propertyPath: m_LocalRotation.y
      value: -0
      objectReference: {fileID: 0}
    - target: {fileID: 7539256165176281093, guid: 60e1a99da3d9b124b9c7e88033fc0850,
        type: 3}
      propertyPath: m_LocalRotation.z
      value: -0
      objectReference: {fileID: 0}
    - target: {fileID: 7539256165176281093, guid: 60e1a99da3d9b124b9c7e88033fc0850,
        type: 3}
      propertyPath: m_LocalEulerAnglesHint.x
      value: 0
      objectReference: {fileID: 0}
    - target: {fileID: 7539256165176281093, guid: 60e1a99da3d9b124b9c7e88033fc0850,
        type: 3}
      propertyPath: m_LocalEulerAnglesHint.y
      value: 0
      objectReference: {fileID: 0}
    - target: {fileID: 7539256165176281093, guid: 60e1a99da3d9b124b9c7e88033fc0850,
        type: 3}
      propertyPath: m_LocalEulerAnglesHint.z
      value: 0
      objectReference: {fileID: 0}
    - target: {fileID: 7539256165176281098, guid: 60e1a99da3d9b124b9c7e88033fc0850,
        type: 3}
      propertyPath: m_Name
      value: BottomObstacle
      objectReference: {fileID: 0}
    m_RemovedComponents: []
  m_SourcePrefab: {fileID: 100100000, guid: 60e1a99da3d9b124b9c7e88033fc0850, type: 3}
--- !u!4 &1127638707 stripped
Transform:
  m_CorrespondingSourceObject: {fileID: 7539256165176281093, guid: 60e1a99da3d9b124b9c7e88033fc0850,
    type: 3}
  m_PrefabInstance: {fileID: 1127638706}
  m_PrefabAsset: {fileID: 0}
--- !u!1 &1169353443
GameObject:
  m_ObjectHideFlags: 0
  m_CorrespondingSourceObject: {fileID: 0}
  m_PrefabInstance: {fileID: 0}
  m_PrefabAsset: {fileID: 0}
  serializedVersion: 6
  m_Component:
  - component: {fileID: 1169353444}
  m_Layer: 0
  m_Name: ImportantObjects
  m_TagString: Untagged
  m_Icon: {fileID: 0}
  m_NavMeshLayer: 0
  m_StaticEditorFlags: 0
  m_IsActive: 1
--- !u!4 &1169353444
Transform:
  m_ObjectHideFlags: 0
  m_CorrespondingSourceObject: {fileID: 0}
  m_PrefabInstance: {fileID: 0}
  m_PrefabAsset: {fileID: 0}
  m_GameObject: {fileID: 1169353443}
  m_LocalRotation: {x: 0, y: 0, z: 0, w: 1}
  m_LocalPosition: {x: 0, y: 0, z: 0}
  m_LocalScale: {x: 1, y: 1, z: 1}
  m_Children:
  - {fileID: 1681029099}
  - {fileID: 134576520}
  - {fileID: 813957514}
  - {fileID: 221025801}
  - {fileID: 721217077}
  - {fileID: 1442609338}
  - {fileID: 1056127592}
  - {fileID: 1433981446}
  - {fileID: 1127638707}
  m_Father: {fileID: 0}
  m_RootOrder: 3
  m_LocalEulerAnglesHint: {x: 0, y: 0, z: 0}
--- !u!1 &1293385966
GameObject:
  m_ObjectHideFlags: 0
  m_CorrespondingSourceObject: {fileID: 0}
  m_PrefabInstance: {fileID: 0}
  m_PrefabAsset: {fileID: 0}
  serializedVersion: 6
  m_Component:
  - component: {fileID: 1293385967}
  m_Layer: 8
  m_Name: TrailPoint1.2
  m_TagString: Untagged
  m_Icon: {fileID: 0}
  m_NavMeshLayer: 0
  m_StaticEditorFlags: 0
  m_IsActive: 1
--- !u!4 &1293385967
Transform:
  m_ObjectHideFlags: 0
  m_CorrespondingSourceObject: {fileID: 0}
  m_PrefabInstance: {fileID: 0}
  m_PrefabAsset: {fileID: 0}
  m_GameObject: {fileID: 1293385966}
  m_LocalRotation: {x: -0, y: -0, z: -0, w: 1}
  m_LocalPosition: {x: 20.71746, y: -8.421686, z: 61.015274}
  m_LocalScale: {x: 1, y: 1, z: 1}
  m_Children: []
  m_Father: {fileID: 1681029099}
  m_RootOrder: 2
  m_LocalEulerAnglesHint: {x: 0, y: 0, z: 0}
--- !u!1001 &1299707122
PrefabInstance:
  m_ObjectHideFlags: 0
  serializedVersion: 2
  m_Modification:
    m_TransformParent: {fileID: 81185028}
    m_Modifications:
    - target: {fileID: 1992632755488242778, guid: 4f559d9abd1579144a40b6b4b9281ee7,
        type: 3}
      propertyPath: m_RootOrder
      value: 3
      objectReference: {fileID: 0}
    - target: {fileID: 1992632755488242778, guid: 4f559d9abd1579144a40b6b4b9281ee7,
        type: 3}
      propertyPath: m_LocalPosition.x
      value: -31.33
      objectReference: {fileID: 0}
    - target: {fileID: 1992632755488242778, guid: 4f559d9abd1579144a40b6b4b9281ee7,
        type: 3}
      propertyPath: m_LocalPosition.y
      value: 8.66
      objectReference: {fileID: 0}
    - target: {fileID: 1992632755488242778, guid: 4f559d9abd1579144a40b6b4b9281ee7,
        type: 3}
      propertyPath: m_LocalPosition.z
      value: 0
      objectReference: {fileID: 0}
    - target: {fileID: 1992632755488242778, guid: 4f559d9abd1579144a40b6b4b9281ee7,
        type: 3}
      propertyPath: m_LocalRotation.w
      value: 1
      objectReference: {fileID: 0}
    - target: {fileID: 1992632755488242778, guid: 4f559d9abd1579144a40b6b4b9281ee7,
        type: 3}
      propertyPath: m_LocalRotation.x
      value: -0
      objectReference: {fileID: 0}
    - target: {fileID: 1992632755488242778, guid: 4f559d9abd1579144a40b6b4b9281ee7,
        type: 3}
      propertyPath: m_LocalRotation.y
      value: -0
      objectReference: {fileID: 0}
    - target: {fileID: 1992632755488242778, guid: 4f559d9abd1579144a40b6b4b9281ee7,
        type: 3}
      propertyPath: m_LocalRotation.z
      value: -0
      objectReference: {fileID: 0}
    - target: {fileID: 1992632755488242778, guid: 4f559d9abd1579144a40b6b4b9281ee7,
        type: 3}
      propertyPath: m_LocalEulerAnglesHint.x
      value: 0
      objectReference: {fileID: 0}
    - target: {fileID: 1992632755488242778, guid: 4f559d9abd1579144a40b6b4b9281ee7,
        type: 3}
      propertyPath: m_LocalEulerAnglesHint.y
      value: 0
      objectReference: {fileID: 0}
    - target: {fileID: 1992632755488242778, guid: 4f559d9abd1579144a40b6b4b9281ee7,
        type: 3}
      propertyPath: m_LocalEulerAnglesHint.z
      value: 0
      objectReference: {fileID: 0}
    - target: {fileID: 1992632755488242780, guid: 4f559d9abd1579144a40b6b4b9281ee7,
        type: 3}
      propertyPath: m_Materials.Array.data[0]
      value: 
      objectReference: {fileID: 2100000, guid: 4877c316b94c3a949ae024a254ea6d6e, type: 2}
    - target: {fileID: 1992632755488242782, guid: 4f559d9abd1579144a40b6b4b9281ee7,
        type: 3}
      propertyPath: m_Name
      value: Wall (7)
      objectReference: {fileID: 0}
    - target: {fileID: 1992632755488242782, guid: 4f559d9abd1579144a40b6b4b9281ee7,
        type: 3}
      propertyPath: m_IsActive
      value: 1
      objectReference: {fileID: 0}
    m_RemovedComponents: []
  m_SourcePrefab: {fileID: 100100000, guid: 4f559d9abd1579144a40b6b4b9281ee7, type: 3}
--- !u!4 &1299707123 stripped
Transform:
  m_CorrespondingSourceObject: {fileID: 1992632755488242778, guid: 4f559d9abd1579144a40b6b4b9281ee7,
    type: 3}
  m_PrefabInstance: {fileID: 1299707122}
  m_PrefabAsset: {fileID: 0}
--- !u!1001 &1433981445
PrefabInstance:
  m_ObjectHideFlags: 0
  serializedVersion: 2
  m_Modification:
    m_TransformParent: {fileID: 1169353444}
    m_Modifications:
    - target: {fileID: 6867297054333969162, guid: 5d7c7486aa201204597addb3bc5839d3,
        type: 3}
      propertyPath: m_Name
      value: Trampoline
      objectReference: {fileID: 0}
    - target: {fileID: 6867297054333969167, guid: 5d7c7486aa201204597addb3bc5839d3,
        type: 3}
      propertyPath: m_RootOrder
      value: 7
      objectReference: {fileID: 0}
    - target: {fileID: 6867297054333969167, guid: 5d7c7486aa201204597addb3bc5839d3,
        type: 3}
      propertyPath: m_LocalPosition.x
      value: -8.110001
      objectReference: {fileID: 0}
    - target: {fileID: 6867297054333969167, guid: 5d7c7486aa201204597addb3bc5839d3,
        type: 3}
      propertyPath: m_LocalPosition.y
      value: 1.1000004
      objectReference: {fileID: 0}
    - target: {fileID: 6867297054333969167, guid: 5d7c7486aa201204597addb3bc5839d3,
        type: 3}
      propertyPath: m_LocalPosition.z
      value: 0.011474609
      objectReference: {fileID: 0}
    - target: {fileID: 6867297054333969167, guid: 5d7c7486aa201204597addb3bc5839d3,
        type: 3}
      propertyPath: m_LocalRotation.w
      value: 1
      objectReference: {fileID: 0}
    - target: {fileID: 6867297054333969167, guid: 5d7c7486aa201204597addb3bc5839d3,
        type: 3}
      propertyPath: m_LocalRotation.x
      value: -0
      objectReference: {fileID: 0}
    - target: {fileID: 6867297054333969167, guid: 5d7c7486aa201204597addb3bc5839d3,
        type: 3}
      propertyPath: m_LocalRotation.y
      value: -0
      objectReference: {fileID: 0}
    - target: {fileID: 6867297054333969167, guid: 5d7c7486aa201204597addb3bc5839d3,
        type: 3}
      propertyPath: m_LocalRotation.z
      value: -0
      objectReference: {fileID: 0}
    - target: {fileID: 6867297054333969167, guid: 5d7c7486aa201204597addb3bc5839d3,
        type: 3}
      propertyPath: m_LocalEulerAnglesHint.x
      value: 0
      objectReference: {fileID: 0}
    - target: {fileID: 6867297054333969167, guid: 5d7c7486aa201204597addb3bc5839d3,
        type: 3}
      propertyPath: m_LocalEulerAnglesHint.y
      value: 0
      objectReference: {fileID: 0}
    - target: {fileID: 6867297054333969167, guid: 5d7c7486aa201204597addb3bc5839d3,
        type: 3}
      propertyPath: m_LocalEulerAnglesHint.z
      value: 0
      objectReference: {fileID: 0}
    m_RemovedComponents: []
  m_SourcePrefab: {fileID: 100100000, guid: 5d7c7486aa201204597addb3bc5839d3, type: 3}
--- !u!4 &1433981446 stripped
Transform:
  m_CorrespondingSourceObject: {fileID: 6867297054333969167, guid: 5d7c7486aa201204597addb3bc5839d3,
    type: 3}
  m_PrefabInstance: {fileID: 1433981445}
  m_PrefabAsset: {fileID: 0}
--- !u!1001 &1442609337
PrefabInstance:
  m_ObjectHideFlags: 0
  serializedVersion: 2
  m_Modification:
    m_TransformParent: {fileID: 1169353444}
    m_Modifications:
    - target: {fileID: 5878599885704667059, guid: 14378868b06d6894a800f0822de518e9,
        type: 3}
      propertyPath: m_RootOrder
      value: 5
      objectReference: {fileID: 0}
    - target: {fileID: 5878599885704667059, guid: 14378868b06d6894a800f0822de518e9,
        type: 3}
      propertyPath: m_LocalScale.z
      value: 2
      objectReference: {fileID: 0}
    - target: {fileID: 5878599885704667059, guid: 14378868b06d6894a800f0822de518e9,
        type: 3}
      propertyPath: m_LocalPosition.x
      value: 13.21
      objectReference: {fileID: 0}
    - target: {fileID: 5878599885704667059, guid: 14378868b06d6894a800f0822de518e9,
        type: 3}
      propertyPath: m_LocalPosition.y
      value: 8.71
      objectReference: {fileID: 0}
    - target: {fileID: 5878599885704667059, guid: 14378868b06d6894a800f0822de518e9,
        type: 3}
      propertyPath: m_LocalPosition.z
      value: 0
      objectReference: {fileID: 0}
    - target: {fileID: 5878599885704667059, guid: 14378868b06d6894a800f0822de518e9,
        type: 3}
      propertyPath: m_LocalRotation.w
      value: 1
      objectReference: {fileID: 0}
    - target: {fileID: 5878599885704667059, guid: 14378868b06d6894a800f0822de518e9,
        type: 3}
      propertyPath: m_LocalRotation.x
      value: -0
      objectReference: {fileID: 0}
    - target: {fileID: 5878599885704667059, guid: 14378868b06d6894a800f0822de518e9,
        type: 3}
      propertyPath: m_LocalRotation.y
      value: -0
      objectReference: {fileID: 0}
    - target: {fileID: 5878599885704667059, guid: 14378868b06d6894a800f0822de518e9,
        type: 3}
      propertyPath: m_LocalRotation.z
      value: -0
      objectReference: {fileID: 0}
    - target: {fileID: 5878599885704667059, guid: 14378868b06d6894a800f0822de518e9,
        type: 3}
      propertyPath: m_LocalEulerAnglesHint.x
      value: 0
      objectReference: {fileID: 0}
    - target: {fileID: 5878599885704667059, guid: 14378868b06d6894a800f0822de518e9,
        type: 3}
      propertyPath: m_LocalEulerAnglesHint.y
      value: 0
      objectReference: {fileID: 0}
    - target: {fileID: 5878599885704667059, guid: 14378868b06d6894a800f0822de518e9,
        type: 3}
      propertyPath: m_LocalEulerAnglesHint.z
      value: 0
      objectReference: {fileID: 0}
    - target: {fileID: 5878599885704667068, guid: 14378868b06d6894a800f0822de518e9,
        type: 3}
      propertyPath: m_Name
      value: Obstacle (2)
      objectReference: {fileID: 0}
    m_RemovedComponents: []
  m_SourcePrefab: {fileID: 100100000, guid: 14378868b06d6894a800f0822de518e9, type: 3}
--- !u!4 &1442609338 stripped
Transform:
  m_CorrespondingSourceObject: {fileID: 5878599885704667059, guid: 14378868b06d6894a800f0822de518e9,
    type: 3}
  m_PrefabInstance: {fileID: 1442609337}
  m_PrefabAsset: {fileID: 0}
--- !u!1001 &1632223357
PrefabInstance:
  m_ObjectHideFlags: 0
  serializedVersion: 2
  m_Modification:
    m_TransformParent: {fileID: 81185028}
    m_Modifications:
    - target: {fileID: 1992632755488242778, guid: 4f559d9abd1579144a40b6b4b9281ee7,
        type: 3}
      propertyPath: m_RootOrder
      value: 14
      objectReference: {fileID: 0}
    - target: {fileID: 1992632755488242778, guid: 4f559d9abd1579144a40b6b4b9281ee7,
        type: 3}
      propertyPath: m_LocalPosition.x
      value: -23.093472
      objectReference: {fileID: 0}
    - target: {fileID: 1992632755488242778, guid: 4f559d9abd1579144a40b6b4b9281ee7,
        type: 3}
      propertyPath: m_LocalPosition.y
      value: 2
      objectReference: {fileID: 0}
    - target: {fileID: 1992632755488242778, guid: 4f559d9abd1579144a40b6b4b9281ee7,
        type: 3}
      propertyPath: m_LocalPosition.z
      value: 0
      objectReference: {fileID: 0}
    - target: {fileID: 1992632755488242778, guid: 4f559d9abd1579144a40b6b4b9281ee7,
        type: 3}
      propertyPath: m_LocalRotation.w
      value: 1
      objectReference: {fileID: 0}
    - target: {fileID: 1992632755488242778, guid: 4f559d9abd1579144a40b6b4b9281ee7,
        type: 3}
      propertyPath: m_LocalRotation.x
      value: -0
      objectReference: {fileID: 0}
    - target: {fileID: 1992632755488242778, guid: 4f559d9abd1579144a40b6b4b9281ee7,
        type: 3}
      propertyPath: m_LocalRotation.y
      value: -0
      objectReference: {fileID: 0}
    - target: {fileID: 1992632755488242778, guid: 4f559d9abd1579144a40b6b4b9281ee7,
        type: 3}
      propertyPath: m_LocalRotation.z
      value: -0
      objectReference: {fileID: 0}
    - target: {fileID: 1992632755488242778, guid: 4f559d9abd1579144a40b6b4b9281ee7,
        type: 3}
      propertyPath: m_LocalEulerAnglesHint.x
      value: 0
      objectReference: {fileID: 0}
    - target: {fileID: 1992632755488242778, guid: 4f559d9abd1579144a40b6b4b9281ee7,
        type: 3}
      propertyPath: m_LocalEulerAnglesHint.y
      value: 0
      objectReference: {fileID: 0}
    - target: {fileID: 1992632755488242778, guid: 4f559d9abd1579144a40b6b4b9281ee7,
        type: 3}
      propertyPath: m_LocalEulerAnglesHint.z
      value: 0
      objectReference: {fileID: 0}
    - target: {fileID: 1992632755488242780, guid: 4f559d9abd1579144a40b6b4b9281ee7,
        type: 3}
      propertyPath: m_Materials.Array.data[0]
      value: 
      objectReference: {fileID: 2100000, guid: 4877c316b94c3a949ae024a254ea6d6e, type: 2}
    - target: {fileID: 1992632755488242782, guid: 4f559d9abd1579144a40b6b4b9281ee7,
        type: 3}
      propertyPath: m_Name
      value: Wall (1)
      objectReference: {fileID: 0}
    - target: {fileID: 1992632755488242782, guid: 4f559d9abd1579144a40b6b4b9281ee7,
        type: 3}
      propertyPath: m_IsActive
      value: 1
      objectReference: {fileID: 0}
    m_RemovedComponents: []
  m_SourcePrefab: {fileID: 100100000, guid: 4f559d9abd1579144a40b6b4b9281ee7, type: 3}
--- !u!4 &1632223358 stripped
Transform:
  m_CorrespondingSourceObject: {fileID: 1992632755488242778, guid: 4f559d9abd1579144a40b6b4b9281ee7,
    type: 3}
  m_PrefabInstance: {fileID: 1632223357}
  m_PrefabAsset: {fileID: 0}
--- !u!1 &1681029098
GameObject:
  m_ObjectHideFlags: 0
  m_CorrespondingSourceObject: {fileID: 0}
  m_PrefabInstance: {fileID: 0}
  m_PrefabAsset: {fileID: 0}
  serializedVersion: 6
  m_Component:
  - component: {fileID: 1681029099}
  m_Layer: 0
  m_Name: MovingObstacleSetup
  m_TagString: Untagged
  m_Icon: {fileID: 0}
  m_NavMeshLayer: 0
  m_StaticEditorFlags: 0
  m_IsActive: 1
--- !u!4 &1681029099
Transform:
  m_ObjectHideFlags: 0
  m_CorrespondingSourceObject: {fileID: 0}
  m_PrefabInstance: {fileID: 0}
  m_PrefabAsset: {fileID: 0}
  m_GameObject: {fileID: 1681029098}
  m_LocalRotation: {x: 0, y: 0, z: 0, w: 1}
  m_LocalPosition: {x: 17.8004, y: 9.421686, z: -61.015274}
  m_LocalScale: {x: 1, y: 1, z: 1}
  m_Children:
  - {fileID: 1800821764}
  - {fileID: 954180493}
  - {fileID: 1293385967}
  m_Father: {fileID: 1169353444}
  m_RootOrder: 0
  m_LocalEulerAnglesHint: {x: 0, y: 0, z: 0}
--- !u!1001 &1797801698
PrefabInstance:
  m_ObjectHideFlags: 0
  serializedVersion: 2
  m_Modification:
    m_TransformParent: {fileID: 81185028}
    m_Modifications:
    - target: {fileID: 1992632755488242778, guid: 4f559d9abd1579144a40b6b4b9281ee7,
        type: 3}
      propertyPath: m_RootOrder
      value: 1
      objectReference: {fileID: 0}
    - target: {fileID: 1992632755488242778, guid: 4f559d9abd1579144a40b6b4b9281ee7,
        type: 3}
      propertyPath: m_LocalScale.x
      value: 8.053704
      objectReference: {fileID: 0}
    - target: {fileID: 1992632755488242778, guid: 4f559d9abd1579144a40b6b4b9281ee7,
        type: 3}
      propertyPath: m_LocalScale.y
      value: 0.5521546
      objectReference: {fileID: 0}
    - target: {fileID: 1992632755488242778, guid: 4f559d9abd1579144a40b6b4b9281ee7,
        type: 3}
      propertyPath: m_LocalPosition.x
      value: -9.790001
      objectReference: {fileID: 0}
    - target: {fileID: 1992632755488242778, guid: 4f559d9abd1579144a40b6b4b9281ee7,
        type: 3}
      propertyPath: m_LocalPosition.y
      value: 4.53
      objectReference: {fileID: 0}
    - target: {fileID: 1992632755488242778, guid: 4f559d9abd1579144a40b6b4b9281ee7,
        type: 3}
      propertyPath: m_LocalPosition.z
      value: 0
      objectReference: {fileID: 0}
    - target: {fileID: 1992632755488242778, guid: 4f559d9abd1579144a40b6b4b9281ee7,
        type: 3}
      propertyPath: m_LocalRotation.w
      value: 1
      objectReference: {fileID: 0}
    - target: {fileID: 1992632755488242778, guid: 4f559d9abd1579144a40b6b4b9281ee7,
        type: 3}
      propertyPath: m_LocalRotation.x
      value: -0
      objectReference: {fileID: 0}
    - target: {fileID: 1992632755488242778, guid: 4f559d9abd1579144a40b6b4b9281ee7,
        type: 3}
      propertyPath: m_LocalRotation.y
      value: -0
      objectReference: {fileID: 0}
    - target: {fileID: 1992632755488242778, guid: 4f559d9abd1579144a40b6b4b9281ee7,
        type: 3}
      propertyPath: m_LocalRotation.z
      value: -0
      objectReference: {fileID: 0}
    - target: {fileID: 1992632755488242778, guid: 4f559d9abd1579144a40b6b4b9281ee7,
        type: 3}
      propertyPath: m_LocalEulerAnglesHint.x
      value: 0
      objectReference: {fileID: 0}
    - target: {fileID: 1992632755488242778, guid: 4f559d9abd1579144a40b6b4b9281ee7,
        type: 3}
      propertyPath: m_LocalEulerAnglesHint.y
      value: 0
      objectReference: {fileID: 0}
    - target: {fileID: 1992632755488242778, guid: 4f559d9abd1579144a40b6b4b9281ee7,
        type: 3}
      propertyPath: m_LocalEulerAnglesHint.z
      value: 0
      objectReference: {fileID: 0}
    - target: {fileID: 1992632755488242780, guid: 4f559d9abd1579144a40b6b4b9281ee7,
        type: 3}
      propertyPath: m_Materials.Array.data[0]
      value: 
      objectReference: {fileID: 2100000, guid: 4877c316b94c3a949ae024a254ea6d6e, type: 2}
    - target: {fileID: 1992632755488242782, guid: 4f559d9abd1579144a40b6b4b9281ee7,
        type: 3}
      propertyPath: m_Name
      value: Wall (5)
      objectReference: {fileID: 0}
    - target: {fileID: 1992632755488242782, guid: 4f559d9abd1579144a40b6b4b9281ee7,
        type: 3}
      propertyPath: m_IsActive
      value: 1
      objectReference: {fileID: 0}
    m_RemovedComponents: []
  m_SourcePrefab: {fileID: 100100000, guid: 4f559d9abd1579144a40b6b4b9281ee7, type: 3}
--- !u!4 &1797801699 stripped
Transform:
  m_CorrespondingSourceObject: {fileID: 1992632755488242778, guid: 4f559d9abd1579144a40b6b4b9281ee7,
    type: 3}
  m_PrefabInstance: {fileID: 1797801698}
  m_PrefabAsset: {fileID: 0}
--- !u!1001 &1800821763
PrefabInstance:
  m_ObjectHideFlags: 0
  serializedVersion: 2
  m_Modification:
    m_TransformParent: {fileID: 1681029099}
    m_Modifications:
    - target: {fileID: 1225501784952992725, guid: 64fb9760ac52422498cec901b95a542e,
        type: 3}
      propertyPath: _movementSpeed
      value: 3
      objectReference: {fileID: 0}
    - target: {fileID: 1225501784952992725, guid: 64fb9760ac52422498cec901b95a542e,
        type: 3}
      propertyPath: _targetPoints.Array.data[0]
      value: 
      objectReference: {fileID: 954180493}
    - target: {fileID: 1225501784952992725, guid: 64fb9760ac52422498cec901b95a542e,
        type: 3}
      propertyPath: _targetPoints.Array.data[1]
      value: 
      objectReference: {fileID: 1293385967}
    - target: {fileID: 4653661052975639652, guid: 64fb9760ac52422498cec901b95a542e,
        type: 3}
      propertyPath: m_RootOrder
      value: 0
      objectReference: {fileID: 0}
    - target: {fileID: 4653661052975639652, guid: 64fb9760ac52422498cec901b95a542e,
        type: 3}
      propertyPath: m_LocalPosition.x
      value: 16.387459
      objectReference: {fileID: 0}
    - target: {fileID: 4653661052975639652, guid: 64fb9760ac52422498cec901b95a542e,
        type: 3}
      propertyPath: m_LocalPosition.y
      value: -8.421686
      objectReference: {fileID: 0}
    - target: {fileID: 4653661052975639652, guid: 64fb9760ac52422498cec901b95a542e,
        type: 3}
      propertyPath: m_LocalPosition.z
      value: 61.015274
      objectReference: {fileID: 0}
    - target: {fileID: 4653661052975639652, guid: 64fb9760ac52422498cec901b95a542e,
        type: 3}
      propertyPath: m_LocalRotation.w
      value: 1
      objectReference: {fileID: 0}
    - target: {fileID: 4653661052975639652, guid: 64fb9760ac52422498cec901b95a542e,
        type: 3}
      propertyPath: m_LocalRotation.x
      value: -0
      objectReference: {fileID: 0}
    - target: {fileID: 4653661052975639652, guid: 64fb9760ac52422498cec901b95a542e,
        type: 3}
      propertyPath: m_LocalRotation.y
      value: -0
      objectReference: {fileID: 0}
    - target: {fileID: 4653661052975639652, guid: 64fb9760ac52422498cec901b95a542e,
        type: 3}
      propertyPath: m_LocalRotation.z
      value: -0
      objectReference: {fileID: 0}
    - target: {fileID: 4653661052975639652, guid: 64fb9760ac52422498cec901b95a542e,
        type: 3}
      propertyPath: m_LocalEulerAnglesHint.x
      value: 0
      objectReference: {fileID: 0}
    - target: {fileID: 4653661052975639652, guid: 64fb9760ac52422498cec901b95a542e,
        type: 3}
      propertyPath: m_LocalEulerAnglesHint.y
      value: 0
      objectReference: {fileID: 0}
    - target: {fileID: 4653661052975639652, guid: 64fb9760ac52422498cec901b95a542e,
        type: 3}
      propertyPath: m_LocalEulerAnglesHint.z
      value: 0
      objectReference: {fileID: 0}
    - target: {fileID: 4653661052975639659, guid: 64fb9760ac52422498cec901b95a542e,
        type: 3}
      propertyPath: m_Name
      value: MovingObstacle
      objectReference: {fileID: 0}
    m_RemovedComponents: []
  m_SourcePrefab: {fileID: 100100000, guid: 64fb9760ac52422498cec901b95a542e, type: 3}
--- !u!4 &1800821764 stripped
Transform:
  m_CorrespondingSourceObject: {fileID: 4653661052975639652, guid: 64fb9760ac52422498cec901b95a542e,
    type: 3}
  m_PrefabInstance: {fileID: 1800821763}
  m_PrefabAsset: {fileID: 0}
--- !u!1001 &1989396015
PrefabInstance:
  m_ObjectHideFlags: 0
  serializedVersion: 2
  m_Modification:
    m_TransformParent: {fileID: 81185028}
    m_Modifications:
    - target: {fileID: 1992632755488242778, guid: 4f559d9abd1579144a40b6b4b9281ee7,
        type: 3}
      propertyPath: m_RootOrder
      value: 11
      objectReference: {fileID: 0}
    - target: {fileID: 1992632755488242778, guid: 4f559d9abd1579144a40b6b4b9281ee7,
        type: 3}
      propertyPath: m_LocalScale.x
      value: 16.431189
      objectReference: {fileID: 0}
    - target: {fileID: 1992632755488242778, guid: 4f559d9abd1579144a40b6b4b9281ee7,
        type: 3}
      propertyPath: m_LocalScale.y
      value: 2.1311347
      objectReference: {fileID: 0}
    - target: {fileID: 1992632755488242778, guid: 4f559d9abd1579144a40b6b4b9281ee7,
        type: 3}
      propertyPath: m_LocalPosition.x
      value: 4.1949997
      objectReference: {fileID: 0}
    - target: {fileID: 1992632755488242778, guid: 4f559d9abd1579144a40b6b4b9281ee7,
        type: 3}
      propertyPath: m_LocalPosition.y
      value: 1.5565
      objectReference: {fileID: 0}
    - target: {fileID: 1992632755488242778, guid: 4f559d9abd1579144a40b6b4b9281ee7,
        type: 3}
      propertyPath: m_LocalPosition.z
      value: 0
      objectReference: {fileID: 0}
    - target: {fileID: 1992632755488242778, guid: 4f559d9abd1579144a40b6b4b9281ee7,
        type: 3}
      propertyPath: m_LocalRotation.w
      value: 1
      objectReference: {fileID: 0}
    - target: {fileID: 1992632755488242778, guid: 4f559d9abd1579144a40b6b4b9281ee7,
        type: 3}
      propertyPath: m_LocalRotation.x
      value: -0
      objectReference: {fileID: 0}
    - target: {fileID: 1992632755488242778, guid: 4f559d9abd1579144a40b6b4b9281ee7,
        type: 3}
      propertyPath: m_LocalRotation.y
      value: -0
      objectReference: {fileID: 0}
    - target: {fileID: 1992632755488242778, guid: 4f559d9abd1579144a40b6b4b9281ee7,
        type: 3}
      propertyPath: m_LocalRotation.z
      value: -0
      objectReference: {fileID: 0}
    - target: {fileID: 1992632755488242778, guid: 4f559d9abd1579144a40b6b4b9281ee7,
        type: 3}
      propertyPath: m_LocalEulerAnglesHint.x
      value: 0
      objectReference: {fileID: 0}
    - target: {fileID: 1992632755488242778, guid: 4f559d9abd1579144a40b6b4b9281ee7,
        type: 3}
      propertyPath: m_LocalEulerAnglesHint.y
      value: 0
      objectReference: {fileID: 0}
    - target: {fileID: 1992632755488242778, guid: 4f559d9abd1579144a40b6b4b9281ee7,
        type: 3}
      propertyPath: m_LocalEulerAnglesHint.z
      value: 0
      objectReference: {fileID: 0}
    - target: {fileID: 1992632755488242780, guid: 4f559d9abd1579144a40b6b4b9281ee7,
        type: 3}
      propertyPath: m_Materials.Array.data[0]
      value: 
      objectReference: {fileID: 2100000, guid: 4877c316b94c3a949ae024a254ea6d6e, type: 2}
    - target: {fileID: 1992632755488242782, guid: 4f559d9abd1579144a40b6b4b9281ee7,
        type: 3}
      propertyPath: m_Name
      value: Wall
      objectReference: {fileID: 0}
    - target: {fileID: 1992632755488242782, guid: 4f559d9abd1579144a40b6b4b9281ee7,
        type: 3}
      propertyPath: m_IsActive
      value: 1
      objectReference: {fileID: 0}
    m_RemovedComponents: []
  m_SourcePrefab: {fileID: 100100000, guid: 4f559d9abd1579144a40b6b4b9281ee7, type: 3}
--- !u!4 &1989396016 stripped
Transform:
  m_CorrespondingSourceObject: {fileID: 1992632755488242778, guid: 4f559d9abd1579144a40b6b4b9281ee7,
    type: 3}
  m_PrefabInstance: {fileID: 1989396015}
  m_PrefabAsset: {fileID: 0}
--- !u!1001 &2070794592
PrefabInstance:
  m_ObjectHideFlags: 0
  serializedVersion: 2
  m_Modification:
    m_TransformParent: {fileID: 81185028}
    m_Modifications:
    - target: {fileID: 1992632755488242778, guid: 4f559d9abd1579144a40b6b4b9281ee7,
        type: 3}
      propertyPath: m_RootOrder
      value: 7
      objectReference: {fileID: 0}
    - target: {fileID: 1992632755488242778, guid: 4f559d9abd1579144a40b6b4b9281ee7,
        type: 3}
      propertyPath: m_LocalPosition.x
      value: 45.94
      objectReference: {fileID: 0}
    - target: {fileID: 1992632755488242778, guid: 4f559d9abd1579144a40b6b4b9281ee7,
        type: 3}
      propertyPath: m_LocalPosition.y
      value: 8.66
      objectReference: {fileID: 0}
    - target: {fileID: 1992632755488242778, guid: 4f559d9abd1579144a40b6b4b9281ee7,
        type: 3}
      propertyPath: m_LocalPosition.z
      value: 0
      objectReference: {fileID: 0}
    - target: {fileID: 1992632755488242778, guid: 4f559d9abd1579144a40b6b4b9281ee7,
        type: 3}
      propertyPath: m_LocalRotation.w
      value: 1
      objectReference: {fileID: 0}
    - target: {fileID: 1992632755488242778, guid: 4f559d9abd1579144a40b6b4b9281ee7,
        type: 3}
      propertyPath: m_LocalRotation.x
      value: -0
      objectReference: {fileID: 0}
    - target: {fileID: 1992632755488242778, guid: 4f559d9abd1579144a40b6b4b9281ee7,
        type: 3}
      propertyPath: m_LocalRotation.y
      value: -0
      objectReference: {fileID: 0}
    - target: {fileID: 1992632755488242778, guid: 4f559d9abd1579144a40b6b4b9281ee7,
        type: 3}
      propertyPath: m_LocalRotation.z
      value: -0
      objectReference: {fileID: 0}
    - target: {fileID: 1992632755488242778, guid: 4f559d9abd1579144a40b6b4b9281ee7,
        type: 3}
      propertyPath: m_LocalEulerAnglesHint.x
      value: 0
      objectReference: {fileID: 0}
    - target: {fileID: 1992632755488242778, guid: 4f559d9abd1579144a40b6b4b9281ee7,
        type: 3}
      propertyPath: m_LocalEulerAnglesHint.y
      value: 0
      objectReference: {fileID: 0}
    - target: {fileID: 1992632755488242778, guid: 4f559d9abd1579144a40b6b4b9281ee7,
        type: 3}
      propertyPath: m_LocalEulerAnglesHint.z
      value: 0
      objectReference: {fileID: 0}
    - target: {fileID: 1992632755488242780, guid: 4f559d9abd1579144a40b6b4b9281ee7,
        type: 3}
      propertyPath: m_Materials.Array.data[0]
      value: 
      objectReference: {fileID: 2100000, guid: 4877c316b94c3a949ae024a254ea6d6e, type: 2}
    - target: {fileID: 1992632755488242782, guid: 4f559d9abd1579144a40b6b4b9281ee7,
        type: 3}
      propertyPath: m_Name
      value: Wall (11)
      objectReference: {fileID: 0}
    - target: {fileID: 1992632755488242782, guid: 4f559d9abd1579144a40b6b4b9281ee7,
        type: 3}
      propertyPath: m_IsActive
      value: 1
      objectReference: {fileID: 0}
    m_RemovedComponents: []
  m_SourcePrefab: {fileID: 100100000, guid: 4f559d9abd1579144a40b6b4b9281ee7, type: 3}
--- !u!4 &2070794593 stripped
Transform:
  m_CorrespondingSourceObject: {fileID: 1992632755488242778, guid: 4f559d9abd1579144a40b6b4b9281ee7,
    type: 3}
  m_PrefabInstance: {fileID: 2070794592}
  m_PrefabAsset: {fileID: 0}
--- !u!1001 &2096638482
PrefabInstance:
  m_ObjectHideFlags: 0
  serializedVersion: 2
  m_Modification:
    m_TransformParent: {fileID: 81185028}
    m_Modifications:
    - target: {fileID: 1992632755488242778, guid: 4f559d9abd1579144a40b6b4b9281ee7,
        type: 3}
      propertyPath: m_RootOrder
      value: 15
      objectReference: {fileID: 0}
    - target: {fileID: 1992632755488242778, guid: 4f559d9abd1579144a40b6b4b9281ee7,
        type: 3}
      propertyPath: m_LocalPosition.x
      value: 46.40432
      objectReference: {fileID: 0}
    - target: {fileID: 1992632755488242778, guid: 4f559d9abd1579144a40b6b4b9281ee7,
        type: 3}
      propertyPath: m_LocalPosition.y
      value: 2
      objectReference: {fileID: 0}
    - target: {fileID: 1992632755488242778, guid: 4f559d9abd1579144a40b6b4b9281ee7,
        type: 3}
      propertyPath: m_LocalPosition.z
      value: 0
      objectReference: {fileID: 0}
    - target: {fileID: 1992632755488242778, guid: 4f559d9abd1579144a40b6b4b9281ee7,
        type: 3}
      propertyPath: m_LocalRotation.w
      value: 1
      objectReference: {fileID: 0}
    - target: {fileID: 1992632755488242778, guid: 4f559d9abd1579144a40b6b4b9281ee7,
        type: 3}
      propertyPath: m_LocalRotation.x
      value: -0
      objectReference: {fileID: 0}
    - target: {fileID: 1992632755488242778, guid: 4f559d9abd1579144a40b6b4b9281ee7,
        type: 3}
      propertyPath: m_LocalRotation.y
      value: -0
      objectReference: {fileID: 0}
    - target: {fileID: 1992632755488242778, guid: 4f559d9abd1579144a40b6b4b9281ee7,
        type: 3}
      propertyPath: m_LocalRotation.z
      value: -0
      objectReference: {fileID: 0}
    - target: {fileID: 1992632755488242778, guid: 4f559d9abd1579144a40b6b4b9281ee7,
        type: 3}
      propertyPath: m_LocalEulerAnglesHint.x
      value: 0
      objectReference: {fileID: 0}
    - target: {fileID: 1992632755488242778, guid: 4f559d9abd1579144a40b6b4b9281ee7,
        type: 3}
      propertyPath: m_LocalEulerAnglesHint.y
      value: 0
      objectReference: {fileID: 0}
    - target: {fileID: 1992632755488242778, guid: 4f559d9abd1579144a40b6b4b9281ee7,
        type: 3}
      propertyPath: m_LocalEulerAnglesHint.z
      value: 0
      objectReference: {fileID: 0}
    - target: {fileID: 1992632755488242780, guid: 4f559d9abd1579144a40b6b4b9281ee7,
        type: 3}
      propertyPath: m_Materials.Array.data[0]
      value: 
      objectReference: {fileID: 2100000, guid: 4877c316b94c3a949ae024a254ea6d6e, type: 2}
    - target: {fileID: 1992632755488242782, guid: 4f559d9abd1579144a40b6b4b9281ee7,
        type: 3}
      propertyPath: m_Name
      value: Wall (3)
      objectReference: {fileID: 0}
    - target: {fileID: 1992632755488242782, guid: 4f559d9abd1579144a40b6b4b9281ee7,
        type: 3}
      propertyPath: m_IsActive
      value: 1
      objectReference: {fileID: 0}
    m_RemovedComponents: []
  m_SourcePrefab: {fileID: 100100000, guid: 4f559d9abd1579144a40b6b4b9281ee7, type: 3}
--- !u!4 &2096638483 stripped
Transform:
  m_CorrespondingSourceObject: {fileID: 1992632755488242778, guid: 4f559d9abd1579144a40b6b4b9281ee7,
    type: 3}
  m_PrefabInstance: {fileID: 2096638482}
  m_PrefabAsset: {fileID: 0}
