%YAML 1.1
%TAG !u! tag:unity3d.com,2011:
--- !u!29 &1
OcclusionCullingSettings:
  m_ObjectHideFlags: 0
  serializedVersion: 2
  m_OcclusionBakeSettings:
    smallestOccluder: 5
    smallestHole: 0.25
    backfaceThreshold: 100
  m_SceneGUID: 00000000000000000000000000000000
  m_OcclusionCullingData: {fileID: 0}
--- !u!104 &2
RenderSettings:
  m_ObjectHideFlags: 0
  serializedVersion: 9
  m_Fog: 0
  m_FogColor: {r: 0.5, g: 0.5, b: 0.5, a: 1}
  m_FogMode: 3
  m_FogDensity: 0.01
  m_LinearFogStart: 0
  m_LinearFogEnd: 300
  m_AmbientSkyColor: {r: 0.212, g: 0.227, b: 0.259, a: 1}
  m_AmbientEquatorColor: {r: 0.114, g: 0.125, b: 0.133, a: 1}
  m_AmbientGroundColor: {r: 0.047, g: 0.043, b: 0.035, a: 1}
  m_AmbientIntensity: 0
  m_AmbientMode: 0
  m_SubtractiveShadowColor: {r: 0.42, g: 0.478, b: 0.627, a: 1}
  m_SkyboxMaterial: {fileID: 10304, guid: 0000000000000000f000000000000000, type: 0}
  m_HaloStrength: 0.5
  m_FlareStrength: 1
  m_FlareFadeSpeed: 3
  m_HaloTexture: {fileID: 0}
  m_SpotCookie: {fileID: 10001, guid: 0000000000000000e000000000000000, type: 0}
  m_DefaultReflectionMode: 0
  m_DefaultReflectionResolution: 128
  m_ReflectionBounces: 1
  m_ReflectionIntensity: 1
  m_CustomReflection: {fileID: 0}
  m_Sun: {fileID: 0}
  m_IndirectSpecularColor: {r: 0.44657898, g: 0.4964133, b: 0.5748178, a: 1}
  m_UseRadianceAmbientProbe: 0
--- !u!157 &3
LightmapSettings:
  m_ObjectHideFlags: 0
  serializedVersion: 12
  m_GIWorkflowMode: 1
  m_GISettings:
    serializedVersion: 2
    m_BounceScale: 1
    m_IndirectOutputScale: 1
    m_AlbedoBoost: 1
    m_EnvironmentLightingMode: 0
    m_EnableBakedLightmaps: 1
    m_EnableRealtimeLightmaps: 0
  m_LightmapEditorSettings:
    serializedVersion: 12
    m_Resolution: 2
    m_BakeResolution: 40
    m_AtlasSize: 1024
    m_AO: 0
    m_AOMaxDistance: 1
    m_CompAOExponent: 1
    m_CompAOExponentDirect: 0
    m_ExtractAmbientOcclusion: 0
    m_Padding: 2
    m_LightmapParameters: {fileID: 0}
    m_LightmapsBakeMode: 1
    m_TextureCompression: 1
    m_FinalGather: 0
    m_FinalGatherFiltering: 1
    m_FinalGatherRayCount: 256
    m_ReflectionCompression: 2
    m_MixedBakeMode: 2
    m_BakeBackend: 1
    m_PVRSampling: 1
    m_PVRDirectSampleCount: 32
    m_PVRSampleCount: 512
    m_PVRBounces: 2
    m_PVREnvironmentSampleCount: 256
    m_PVREnvironmentReferencePointCount: 2048
    m_PVRFilteringMode: 1
    m_PVRDenoiserTypeDirect: 1
    m_PVRDenoiserTypeIndirect: 1
    m_PVRDenoiserTypeAO: 1
    m_PVRFilterTypeDirect: 0
    m_PVRFilterTypeIndirect: 0
    m_PVRFilterTypeAO: 0
    m_PVREnvironmentMIS: 1
    m_PVRCulling: 1
    m_PVRFilteringGaussRadiusDirect: 1
    m_PVRFilteringGaussRadiusIndirect: 5
    m_PVRFilteringGaussRadiusAO: 2
    m_PVRFilteringAtrousPositionSigmaDirect: 0.5
    m_PVRFilteringAtrousPositionSigmaIndirect: 2
    m_PVRFilteringAtrousPositionSigmaAO: 1
    m_ExportTrainingData: 0
    m_TrainingDataDestination: TrainingData
    m_LightProbeSampleCountMultiplier: 4
  m_LightingDataAsset: {fileID: 0}
  m_LightingSettings: {fileID: 0}
--- !u!196 &4
NavMeshSettings:
  serializedVersion: 2
  m_ObjectHideFlags: 0
  m_BuildSettings:
    serializedVersion: 2
    agentTypeID: 0
    agentRadius: 0.5
    agentHeight: 2
    agentSlope: 45
    agentClimb: 0.4
    ledgeDropHeight: 0
    maxJumpAcrossDistance: 0
    minRegionArea: 2
    manualCellSize: 0
    cellSize: 0.16666667
    manualTileSize: 0
    tileSize: 256
    accuratePlacement: 0
    maxJobWorkers: 0
    preserveTilesOutsideBounds: 0
    debug:
      m_Flags: 0
  m_NavMeshData: {fileID: 0}
--- !u!1001 &102007825
PrefabInstance:
  m_ObjectHideFlags: 0
  serializedVersion: 2
  m_Modification:
    m_TransformParent: {fileID: 308438482}
    m_Modifications:
    - target: {fileID: 5878599885704667059, guid: 14378868b06d6894a800f0822de518e9,
        type: 3}
      propertyPath: m_RootOrder
      value: 7
      objectReference: {fileID: 0}
    - target: {fileID: 5878599885704667059, guid: 14378868b06d6894a800f0822de518e9,
        type: 3}
      propertyPath: m_LocalScale.x
      value: 2
      objectReference: {fileID: 0}
    - target: {fileID: 5878599885704667059, guid: 14378868b06d6894a800f0822de518e9,
        type: 3}
      propertyPath: m_LocalScale.z
      value: 2
      objectReference: {fileID: 0}
    - target: {fileID: 5878599885704667059, guid: 14378868b06d6894a800f0822de518e9,
        type: 3}
      propertyPath: m_LocalPosition.x
      value: 35.26403
      objectReference: {fileID: 0}
    - target: {fileID: 5878599885704667059, guid: 14378868b06d6894a800f0822de518e9,
        type: 3}
      propertyPath: m_LocalPosition.y
      value: 1
      objectReference: {fileID: 0}
    - target: {fileID: 5878599885704667059, guid: 14378868b06d6894a800f0822de518e9,
        type: 3}
      propertyPath: m_LocalPosition.z
      value: 0
      objectReference: {fileID: 0}
    - target: {fileID: 5878599885704667059, guid: 14378868b06d6894a800f0822de518e9,
        type: 3}
      propertyPath: m_LocalRotation.w
      value: 1
      objectReference: {fileID: 0}
    - target: {fileID: 5878599885704667059, guid: 14378868b06d6894a800f0822de518e9,
        type: 3}
      propertyPath: m_LocalRotation.x
      value: -0
      objectReference: {fileID: 0}
    - target: {fileID: 5878599885704667059, guid: 14378868b06d6894a800f0822de518e9,
        type: 3}
      propertyPath: m_LocalRotation.y
      value: -0
      objectReference: {fileID: 0}
    - target: {fileID: 5878599885704667059, guid: 14378868b06d6894a800f0822de518e9,
        type: 3}
      propertyPath: m_LocalRotation.z
      value: -0
      objectReference: {fileID: 0}
    - target: {fileID: 5878599885704667059, guid: 14378868b06d6894a800f0822de518e9,
        type: 3}
      propertyPath: m_LocalEulerAnglesHint.x
      value: 0
      objectReference: {fileID: 0}
    - target: {fileID: 5878599885704667059, guid: 14378868b06d6894a800f0822de518e9,
        type: 3}
      propertyPath: m_LocalEulerAnglesHint.y
      value: 0
      objectReference: {fileID: 0}
    - target: {fileID: 5878599885704667059, guid: 14378868b06d6894a800f0822de518e9,
        type: 3}
      propertyPath: m_LocalEulerAnglesHint.z
      value: 0
      objectReference: {fileID: 0}
    - target: {fileID: 5878599885704667068, guid: 14378868b06d6894a800f0822de518e9,
        type: 3}
      propertyPath: m_Name
      value: Obstacle (3)
      objectReference: {fileID: 0}
    m_RemovedComponents: []
  m_SourcePrefab: {fileID: 100100000, guid: 14378868b06d6894a800f0822de518e9, type: 3}
--- !u!4 &102007826 stripped
Transform:
  m_CorrespondingSourceObject: {fileID: 5878599885704667059, guid: 14378868b06d6894a800f0822de518e9,
    type: 3}
  m_PrefabInstance: {fileID: 102007825}
  m_PrefabAsset: {fileID: 0}
--- !u!1001 &104324926
PrefabInstance:
  m_ObjectHideFlags: 0
  serializedVersion: 2
  m_Modification:
    m_TransformParent: {fileID: 308438482}
    m_Modifications:
    - target: {fileID: 5878599885704667059, guid: 14378868b06d6894a800f0822de518e9,
        type: 3}
      propertyPath: m_RootOrder
      value: 6
      objectReference: {fileID: 0}
    - target: {fileID: 5878599885704667059, guid: 14378868b06d6894a800f0822de518e9,
        type: 3}
      propertyPath: m_LocalScale.x
      value: 2
      objectReference: {fileID: 0}
    - target: {fileID: 5878599885704667059, guid: 14378868b06d6894a800f0822de518e9,
        type: 3}
      propertyPath: m_LocalScale.z
      value: 2
      objectReference: {fileID: 0}
    - target: {fileID: 5878599885704667059, guid: 14378868b06d6894a800f0822de518e9,
        type: 3}
      propertyPath: m_LocalPosition.x
      value: 25.22
      objectReference: {fileID: 0}
    - target: {fileID: 5878599885704667059, guid: 14378868b06d6894a800f0822de518e9,
        type: 3}
      propertyPath: m_LocalPosition.y
      value: 1
      objectReference: {fileID: 0}
    - target: {fileID: 5878599885704667059, guid: 14378868b06d6894a800f0822de518e9,
        type: 3}
      propertyPath: m_LocalPosition.z
      value: 0
      objectReference: {fileID: 0}
    - target: {fileID: 5878599885704667059, guid: 14378868b06d6894a800f0822de518e9,
        type: 3}
      propertyPath: m_LocalRotation.w
      value: 1
      objectReference: {fileID: 0}
    - target: {fileID: 5878599885704667059, guid: 14378868b06d6894a800f0822de518e9,
        type: 3}
      propertyPath: m_LocalRotation.x
      value: -0
      objectReference: {fileID: 0}
    - target: {fileID: 5878599885704667059, guid: 14378868b06d6894a800f0822de518e9,
        type: 3}
      propertyPath: m_LocalRotation.y
      value: -0
      objectReference: {fileID: 0}
    - target: {fileID: 5878599885704667059, guid: 14378868b06d6894a800f0822de518e9,
        type: 3}
      propertyPath: m_LocalRotation.z
      value: -0
      objectReference: {fileID: 0}
    - target: {fileID: 5878599885704667059, guid: 14378868b06d6894a800f0822de518e9,
        type: 3}
      propertyPath: m_LocalEulerAnglesHint.x
      value: 0
      objectReference: {fileID: 0}
    - target: {fileID: 5878599885704667059, guid: 14378868b06d6894a800f0822de518e9,
        type: 3}
      propertyPath: m_LocalEulerAnglesHint.y
      value: 0
      objectReference: {fileID: 0}
    - target: {fileID: 5878599885704667059, guid: 14378868b06d6894a800f0822de518e9,
        type: 3}
      propertyPath: m_LocalEulerAnglesHint.z
      value: 0
      objectReference: {fileID: 0}
    - target: {fileID: 5878599885704667068, guid: 14378868b06d6894a800f0822de518e9,
        type: 3}
      propertyPath: m_Name
      value: Obstacle (2)
      objectReference: {fileID: 0}
    m_RemovedComponents: []
  m_SourcePrefab: {fileID: 100100000, guid: 14378868b06d6894a800f0822de518e9, type: 3}
--- !u!4 &104324927 stripped
Transform:
  m_CorrespondingSourceObject: {fileID: 5878599885704667059, guid: 14378868b06d6894a800f0822de518e9,
    type: 3}
  m_PrefabInstance: {fileID: 104324926}
  m_PrefabAsset: {fileID: 0}
--- !u!1001 &108351387
PrefabInstance:
  m_ObjectHideFlags: 0
  serializedVersion: 2
  m_Modification:
    m_TransformParent: {fileID: 1781106816}
    m_Modifications:
    - target: {fileID: 5620100080543012297, guid: e75ffcfad74f1d743aa076dc9a406ecc,
        type: 3}
      propertyPath: m_Name
      value: Floor (1)
      objectReference: {fileID: 0}
    - target: {fileID: 5620100080543012299, guid: e75ffcfad74f1d743aa076dc9a406ecc,
        type: 3}
      propertyPath: m_Materials.Array.data[0]
      value: 
      objectReference: {fileID: 2100000, guid: 4877c316b94c3a949ae024a254ea6d6e, type: 2}
    - target: {fileID: 5620100080543012301, guid: e75ffcfad74f1d743aa076dc9a406ecc,
        type: 3}
      propertyPath: m_RootOrder
      value: 2
      objectReference: {fileID: 0}
    - target: {fileID: 5620100080543012301, guid: e75ffcfad74f1d743aa076dc9a406ecc,
        type: 3}
      propertyPath: m_LocalScale.x
      value: 31.168861
      objectReference: {fileID: 0}
    - target: {fileID: 5620100080543012301, guid: e75ffcfad74f1d743aa076dc9a406ecc,
        type: 3}
      propertyPath: m_LocalPosition.x
      value: 26.9133
      objectReference: {fileID: 0}
    - target: {fileID: 5620100080543012301, guid: e75ffcfad74f1d743aa076dc9a406ecc,
        type: 3}
      propertyPath: m_LocalPosition.y
      value: 0
      objectReference: {fileID: 0}
    - target: {fileID: 5620100080543012301, guid: e75ffcfad74f1d743aa076dc9a406ecc,
        type: 3}
      propertyPath: m_LocalPosition.z
      value: 0
      objectReference: {fileID: 0}
    - target: {fileID: 5620100080543012301, guid: e75ffcfad74f1d743aa076dc9a406ecc,
        type: 3}
      propertyPath: m_LocalRotation.w
      value: 1
      objectReference: {fileID: 0}
    - target: {fileID: 5620100080543012301, guid: e75ffcfad74f1d743aa076dc9a406ecc,
        type: 3}
      propertyPath: m_LocalRotation.x
      value: -0
      objectReference: {fileID: 0}
    - target: {fileID: 5620100080543012301, guid: e75ffcfad74f1d743aa076dc9a406ecc,
        type: 3}
      propertyPath: m_LocalRotation.y
      value: -0
      objectReference: {fileID: 0}
    - target: {fileID: 5620100080543012301, guid: e75ffcfad74f1d743aa076dc9a406ecc,
        type: 3}
      propertyPath: m_LocalRotation.z
      value: -0
      objectReference: {fileID: 0}
    - target: {fileID: 5620100080543012301, guid: e75ffcfad74f1d743aa076dc9a406ecc,
        type: 3}
      propertyPath: m_LocalEulerAnglesHint.x
      value: 0
      objectReference: {fileID: 0}
    - target: {fileID: 5620100080543012301, guid: e75ffcfad74f1d743aa076dc9a406ecc,
        type: 3}
      propertyPath: m_LocalEulerAnglesHint.y
      value: 0
      objectReference: {fileID: 0}
    - target: {fileID: 5620100080543012301, guid: e75ffcfad74f1d743aa076dc9a406ecc,
        type: 3}
      propertyPath: m_LocalEulerAnglesHint.z
      value: 0
      objectReference: {fileID: 0}
    m_RemovedComponents: []
  m_SourcePrefab: {fileID: 100100000, guid: e75ffcfad74f1d743aa076dc9a406ecc, type: 3}
--- !u!4 &108351388 stripped
Transform:
  m_CorrespondingSourceObject: {fileID: 5620100080543012301, guid: e75ffcfad74f1d743aa076dc9a406ecc,
    type: 3}
  m_PrefabInstance: {fileID: 108351387}
  m_PrefabAsset: {fileID: 0}
--- !u!1001 &134576519
PrefabInstance:
  m_ObjectHideFlags: 0
  serializedVersion: 2
  m_Modification:
    m_TransformParent: {fileID: 308438482}
    m_Modifications:
    - target: {fileID: 6867297054333969162, guid: 5d7c7486aa201204597addb3bc5839d3,
        type: 3}
      propertyPath: m_Name
      value: Trampoline (2)
      objectReference: {fileID: 0}
    - target: {fileID: 6867297054333969167, guid: 5d7c7486aa201204597addb3bc5839d3,
        type: 3}
      propertyPath: m_RootOrder
      value: 0
      objectReference: {fileID: 0}
    - target: {fileID: 6867297054333969167, guid: 5d7c7486aa201204597addb3bc5839d3,
        type: 3}
      propertyPath: m_LocalPosition.x
      value: -1.9599991
      objectReference: {fileID: 0}
    - target: {fileID: 6867297054333969167, guid: 5d7c7486aa201204597addb3bc5839d3,
        type: 3}
      propertyPath: m_LocalPosition.y
      value: 3.21
      objectReference: {fileID: 0}
    - target: {fileID: 6867297054333969167, guid: 5d7c7486aa201204597addb3bc5839d3,
        type: 3}
      propertyPath: m_LocalPosition.z
      value: 0.011474609
      objectReference: {fileID: 0}
    - target: {fileID: 6867297054333969167, guid: 5d7c7486aa201204597addb3bc5839d3,
        type: 3}
      propertyPath: m_LocalRotation.w
      value: 1
      objectReference: {fileID: 0}
    - target: {fileID: 6867297054333969167, guid: 5d7c7486aa201204597addb3bc5839d3,
        type: 3}
      propertyPath: m_LocalRotation.x
      value: -0
      objectReference: {fileID: 0}
    - target: {fileID: 6867297054333969167, guid: 5d7c7486aa201204597addb3bc5839d3,
        type: 3}
      propertyPath: m_LocalRotation.y
      value: -0
      objectReference: {fileID: 0}
    - target: {fileID: 6867297054333969167, guid: 5d7c7486aa201204597addb3bc5839d3,
        type: 3}
      propertyPath: m_LocalRotation.z
      value: -0
      objectReference: {fileID: 0}
    - target: {fileID: 6867297054333969167, guid: 5d7c7486aa201204597addb3bc5839d3,
        type: 3}
      propertyPath: m_LocalEulerAnglesHint.x
      value: 0
      objectReference: {fileID: 0}
    - target: {fileID: 6867297054333969167, guid: 5d7c7486aa201204597addb3bc5839d3,
        type: 3}
      propertyPath: m_LocalEulerAnglesHint.y
      value: 0
      objectReference: {fileID: 0}
    - target: {fileID: 6867297054333969167, guid: 5d7c7486aa201204597addb3bc5839d3,
        type: 3}
      propertyPath: m_LocalEulerAnglesHint.z
      value: 0
      objectReference: {fileID: 0}
    m_RemovedComponents: []
  m_SourcePrefab: {fileID: 100100000, guid: 5d7c7486aa201204597addb3bc5839d3, type: 3}
--- !u!4 &134576520 stripped
Transform:
  m_CorrespondingSourceObject: {fileID: 6867297054333969167, guid: 5d7c7486aa201204597addb3bc5839d3,
    type: 3}
  m_PrefabInstance: {fileID: 134576519}
  m_PrefabAsset: {fileID: 0}
--- !u!1001 &134852851
PrefabInstance:
  m_ObjectHideFlags: 0
  serializedVersion: 2
  m_Modification:
    m_TransformParent: {fileID: 0}
    m_Modifications:
    - target: {fileID: 962825149529644804, guid: 650a173050a34bd45b7aeb96bc3d013c,
        type: 3}
      propertyPath: m_LocalPosition.y
      value: 1
      objectReference: {fileID: 0}
    - target: {fileID: 2572899783855691985, guid: 650a173050a34bd45b7aeb96bc3d013c,
        type: 3}
      propertyPath: m_LocalPosition.x
      value: -19.65
      objectReference: {fileID: 0}
    - target: {fileID: 2572899783855691985, guid: 650a173050a34bd45b7aeb96bc3d013c,
        type: 3}
      propertyPath: m_LocalPosition.y
      value: 1
      objectReference: {fileID: 0}
    - target: {fileID: 2572899784015014196, guid: 650a173050a34bd45b7aeb96bc3d013c,
        type: 3}
      propertyPath: _levelPresetOfThisLevel
      value: 
      objectReference: {fileID: 11400000, guid: 0efd8c1b2f6df3e4c9859f78b30cc8db,
        type: 2}
    - target: {fileID: 2932798842782865755, guid: 650a173050a34bd45b7aeb96bc3d013c,
        type: 3}
      propertyPath: m_LocalPosition.x
      value: 126.86
      objectReference: {fileID: 0}
    - target: {fileID: 2932798842782865755, guid: 650a173050a34bd45b7aeb96bc3d013c,
        type: 3}
      propertyPath: m_LocalPosition.y
      value: 1.56
      objectReference: {fileID: 0}
    - target: {fileID: 5201647528294460318, guid: 650a173050a34bd45b7aeb96bc3d013c,
        type: 3}
      propertyPath: m_Name
      value: LevelEssentials
      objectReference: {fileID: 0}
    - target: {fileID: 9019142853456843210, guid: 650a173050a34bd45b7aeb96bc3d013c,
        type: 3}
      propertyPath: m_RootOrder
      value: 1
      objectReference: {fileID: 0}
    - target: {fileID: 9019142853456843210, guid: 650a173050a34bd45b7aeb96bc3d013c,
        type: 3}
      propertyPath: m_LocalPosition.x
      value: -2.27
      objectReference: {fileID: 0}
    - target: {fileID: 9019142853456843210, guid: 650a173050a34bd45b7aeb96bc3d013c,
        type: 3}
      propertyPath: m_LocalPosition.y
      value: 0
      objectReference: {fileID: 0}
    - target: {fileID: 9019142853456843210, guid: 650a173050a34bd45b7aeb96bc3d013c,
        type: 3}
      propertyPath: m_LocalPosition.z
      value: -23.655233
      objectReference: {fileID: 0}
    - target: {fileID: 9019142853456843210, guid: 650a173050a34bd45b7aeb96bc3d013c,
        type: 3}
      propertyPath: m_LocalRotation.w
      value: 1
      objectReference: {fileID: 0}
    - target: {fileID: 9019142853456843210, guid: 650a173050a34bd45b7aeb96bc3d013c,
        type: 3}
      propertyPath: m_LocalRotation.x
      value: 0
      objectReference: {fileID: 0}
    - target: {fileID: 9019142853456843210, guid: 650a173050a34bd45b7aeb96bc3d013c,
        type: 3}
      propertyPath: m_LocalRotation.y
      value: 0
      objectReference: {fileID: 0}
    - target: {fileID: 9019142853456843210, guid: 650a173050a34bd45b7aeb96bc3d013c,
        type: 3}
      propertyPath: m_LocalRotation.z
      value: 0
      objectReference: {fileID: 0}
    - target: {fileID: 9019142853456843210, guid: 650a173050a34bd45b7aeb96bc3d013c,
        type: 3}
      propertyPath: m_LocalEulerAnglesHint.x
      value: 0
      objectReference: {fileID: 0}
    - target: {fileID: 9019142853456843210, guid: 650a173050a34bd45b7aeb96bc3d013c,
        type: 3}
      propertyPath: m_LocalEulerAnglesHint.y
      value: 0
      objectReference: {fileID: 0}
    - target: {fileID: 9019142853456843210, guid: 650a173050a34bd45b7aeb96bc3d013c,
        type: 3}
      propertyPath: m_LocalEulerAnglesHint.z
      value: 0
      objectReference: {fileID: 0}
    m_RemovedComponents: []
  m_SourcePrefab: {fileID: 100100000, guid: 650a173050a34bd45b7aeb96bc3d013c, type: 3}
--- !u!1001 &163955864
PrefabInstance:
  m_ObjectHideFlags: 0
  serializedVersion: 2
  m_Modification:
    m_TransformParent: {fileID: 0}
    m_Modifications:
    - target: {fileID: 2461487373785779137, guid: a37a0e40de106d84983c191ffc6f1d3a,
        type: 3}
      propertyPath: m_Name
      value: TestBackground
      objectReference: {fileID: 0}
    - target: {fileID: 2928122585235872218, guid: a37a0e40de106d84983c191ffc6f1d3a,
        type: 3}
      propertyPath: m_RootOrder
      value: 2
      objectReference: {fileID: 0}
    - target: {fileID: 2928122585235872218, guid: a37a0e40de106d84983c191ffc6f1d3a,
        type: 3}
      propertyPath: m_LocalPosition.x
      value: 0
      objectReference: {fileID: 0}
    - target: {fileID: 2928122585235872218, guid: a37a0e40de106d84983c191ffc6f1d3a,
        type: 3}
      propertyPath: m_LocalPosition.y
      value: 0
      objectReference: {fileID: 0}
    - target: {fileID: 2928122585235872218, guid: a37a0e40de106d84983c191ffc6f1d3a,
        type: 3}
      propertyPath: m_LocalPosition.z
      value: 0
      objectReference: {fileID: 0}
    - target: {fileID: 2928122585235872218, guid: a37a0e40de106d84983c191ffc6f1d3a,
        type: 3}
      propertyPath: m_LocalRotation.w
      value: 1
      objectReference: {fileID: 0}
    - target: {fileID: 2928122585235872218, guid: a37a0e40de106d84983c191ffc6f1d3a,
        type: 3}
      propertyPath: m_LocalRotation.x
      value: 0
      objectReference: {fileID: 0}
    - target: {fileID: 2928122585235872218, guid: a37a0e40de106d84983c191ffc6f1d3a,
        type: 3}
      propertyPath: m_LocalRotation.y
      value: 0
      objectReference: {fileID: 0}
    - target: {fileID: 2928122585235872218, guid: a37a0e40de106d84983c191ffc6f1d3a,
        type: 3}
      propertyPath: m_LocalRotation.z
      value: 0
      objectReference: {fileID: 0}
    - target: {fileID: 2928122585235872218, guid: a37a0e40de106d84983c191ffc6f1d3a,
        type: 3}
      propertyPath: m_LocalEulerAnglesHint.x
      value: 0
      objectReference: {fileID: 0}
    - target: {fileID: 2928122585235872218, guid: a37a0e40de106d84983c191ffc6f1d3a,
        type: 3}
      propertyPath: m_LocalEulerAnglesHint.y
      value: 0
      objectReference: {fileID: 0}
    - target: {fileID: 2928122585235872218, guid: a37a0e40de106d84983c191ffc6f1d3a,
        type: 3}
      propertyPath: m_LocalEulerAnglesHint.z
      value: 0
      objectReference: {fileID: 0}
    m_RemovedComponents: []
  m_SourcePrefab: {fileID: 100100000, guid: a37a0e40de106d84983c191ffc6f1d3a, type: 3}
--- !u!1001 &221025800
PrefabInstance:
  m_ObjectHideFlags: 0
  serializedVersion: 2
  m_Modification:
    m_TransformParent: {fileID: 308438482}
    m_Modifications:
    - target: {fileID: 6867297054333969162, guid: 5d7c7486aa201204597addb3bc5839d3,
        type: 3}
      propertyPath: m_Name
      value: Trampoline (1)
      objectReference: {fileID: 0}
    - target: {fileID: 6867297054333969167, guid: 5d7c7486aa201204597addb3bc5839d3,
        type: 3}
      propertyPath: m_RootOrder
      value: 1
      objectReference: {fileID: 0}
    - target: {fileID: 6867297054333969167, guid: 5d7c7486aa201204597addb3bc5839d3,
        type: 3}
      propertyPath: m_LocalPosition.x
      value: -8.110001
      objectReference: {fileID: 0}
    - target: {fileID: 6867297054333969167, guid: 5d7c7486aa201204597addb3bc5839d3,
        type: 3}
      propertyPath: m_LocalPosition.y
      value: 1.1000004
      objectReference: {fileID: 0}
    - target: {fileID: 6867297054333969167, guid: 5d7c7486aa201204597addb3bc5839d3,
        type: 3}
      propertyPath: m_LocalPosition.z
      value: 0.011474609
      objectReference: {fileID: 0}
    - target: {fileID: 6867297054333969167, guid: 5d7c7486aa201204597addb3bc5839d3,
        type: 3}
      propertyPath: m_LocalRotation.w
      value: 1
      objectReference: {fileID: 0}
    - target: {fileID: 6867297054333969167, guid: 5d7c7486aa201204597addb3bc5839d3,
        type: 3}
      propertyPath: m_LocalRotation.x
      value: -0
      objectReference: {fileID: 0}
    - target: {fileID: 6867297054333969167, guid: 5d7c7486aa201204597addb3bc5839d3,
        type: 3}
      propertyPath: m_LocalRotation.y
      value: -0
      objectReference: {fileID: 0}
    - target: {fileID: 6867297054333969167, guid: 5d7c7486aa201204597addb3bc5839d3,
        type: 3}
      propertyPath: m_LocalRotation.z
      value: -0
      objectReference: {fileID: 0}
    - target: {fileID: 6867297054333969167, guid: 5d7c7486aa201204597addb3bc5839d3,
        type: 3}
      propertyPath: m_LocalEulerAnglesHint.x
      value: 0
      objectReference: {fileID: 0}
    - target: {fileID: 6867297054333969167, guid: 5d7c7486aa201204597addb3bc5839d3,
        type: 3}
      propertyPath: m_LocalEulerAnglesHint.y
      value: 0
      objectReference: {fileID: 0}
    - target: {fileID: 6867297054333969167, guid: 5d7c7486aa201204597addb3bc5839d3,
        type: 3}
      propertyPath: m_LocalEulerAnglesHint.z
      value: 0
      objectReference: {fileID: 0}
    m_RemovedComponents: []
  m_SourcePrefab: {fileID: 100100000, guid: 5d7c7486aa201204597addb3bc5839d3, type: 3}
--- !u!4 &221025801 stripped
Transform:
  m_CorrespondingSourceObject: {fileID: 6867297054333969167, guid: 5d7c7486aa201204597addb3bc5839d3,
    type: 3}
  m_PrefabInstance: {fileID: 221025800}
  m_PrefabAsset: {fileID: 0}
--- !u!1001 &279201435
PrefabInstance:
  m_ObjectHideFlags: 0
  serializedVersion: 2
  m_Modification:
    m_TransformParent: {fileID: 308438482}
    m_Modifications:
    - target: {fileID: 6867297054333969162, guid: 5d7c7486aa201204597addb3bc5839d3,
        type: 3}
      propertyPath: m_Name
      value: Trampoline (5)
      objectReference: {fileID: 0}
    - target: {fileID: 6867297054333969167, guid: 5d7c7486aa201204597addb3bc5839d3,
        type: 3}
      propertyPath: m_RootOrder
      value: 9
      objectReference: {fileID: 0}
    - target: {fileID: 6867297054333969167, guid: 5d7c7486aa201204597addb3bc5839d3,
        type: 3}
      propertyPath: m_LocalPosition.x
      value: 63.15
      objectReference: {fileID: 0}
    - target: {fileID: 6867297054333969167, guid: 5d7c7486aa201204597addb3bc5839d3,
        type: 3}
      propertyPath: m_LocalPosition.y
      value: 1.1000004
      objectReference: {fileID: 0}
    - target: {fileID: 6867297054333969167, guid: 5d7c7486aa201204597addb3bc5839d3,
        type: 3}
      propertyPath: m_LocalPosition.z
      value: 0.011474609
      objectReference: {fileID: 0}
    - target: {fileID: 6867297054333969167, guid: 5d7c7486aa201204597addb3bc5839d3,
        type: 3}
      propertyPath: m_LocalRotation.w
      value: 1
      objectReference: {fileID: 0}
    - target: {fileID: 6867297054333969167, guid: 5d7c7486aa201204597addb3bc5839d3,
        type: 3}
      propertyPath: m_LocalRotation.x
      value: -0
      objectReference: {fileID: 0}
    - target: {fileID: 6867297054333969167, guid: 5d7c7486aa201204597addb3bc5839d3,
        type: 3}
      propertyPath: m_LocalRotation.y
      value: -0
      objectReference: {fileID: 0}
    - target: {fileID: 6867297054333969167, guid: 5d7c7486aa201204597addb3bc5839d3,
        type: 3}
      propertyPath: m_LocalRotation.z
      value: -0
      objectReference: {fileID: 0}
    - target: {fileID: 6867297054333969167, guid: 5d7c7486aa201204597addb3bc5839d3,
        type: 3}
      propertyPath: m_LocalEulerAnglesHint.x
      value: 0
      objectReference: {fileID: 0}
    - target: {fileID: 6867297054333969167, guid: 5d7c7486aa201204597addb3bc5839d3,
        type: 3}
      propertyPath: m_LocalEulerAnglesHint.y
      value: 0
      objectReference: {fileID: 0}
    - target: {fileID: 6867297054333969167, guid: 5d7c7486aa201204597addb3bc5839d3,
        type: 3}
      propertyPath: m_LocalEulerAnglesHint.z
      value: 0
      objectReference: {fileID: 0}
    m_RemovedComponents: []
  m_SourcePrefab: {fileID: 100100000, guid: 5d7c7486aa201204597addb3bc5839d3, type: 3}
--- !u!4 &279201436 stripped
Transform:
  m_CorrespondingSourceObject: {fileID: 6867297054333969167, guid: 5d7c7486aa201204597addb3bc5839d3,
    type: 3}
  m_PrefabInstance: {fileID: 279201435}
  m_PrefabAsset: {fileID: 0}
--- !u!1 &308438481
GameObject:
  m_ObjectHideFlags: 0
  m_CorrespondingSourceObject: {fileID: 0}
  m_PrefabInstance: {fileID: 0}
  m_PrefabAsset: {fileID: 0}
  serializedVersion: 6
  m_Component:
  - component: {fileID: 308438482}
  m_Layer: 0
  m_Name: ImportantObjects
  m_TagString: Untagged
  m_Icon: {fileID: 0}
  m_NavMeshLayer: 0
  m_StaticEditorFlags: 0
  m_IsActive: 1
--- !u!4 &308438482
Transform:
  m_ObjectHideFlags: 0
  m_CorrespondingSourceObject: {fileID: 0}
  m_PrefabInstance: {fileID: 0}
  m_PrefabAsset: {fileID: 0}
  m_GameObject: {fileID: 308438481}
  m_LocalRotation: {x: 0, y: 0, z: 0, w: 1}
  m_LocalPosition: {x: 0, y: 0, z: 0}
  m_LocalScale: {x: 1, y: 1, z: 1}
  m_Children:
  - {fileID: 134576520}
  - {fileID: 221025801}
  - {fileID: 429000009}
  - {fileID: 382481465}
  - {fileID: 1433981446}
  - {fileID: 1127638707}
  - {fileID: 104324927}
  - {fileID: 102007826}
  - {fileID: 1522227979}
  - {fileID: 279201436}
  - {fileID: 1548820150}
  m_Father: {fileID: 0}
  m_RootOrder: 3
  m_LocalEulerAnglesHint: {x: 0, y: 0, z: 0}
--- !u!1001 &377549311
PrefabInstance:
  m_ObjectHideFlags: 0
  serializedVersion: 2
  m_Modification:
    m_TransformParent: {fileID: 1781106816}
    m_Modifications:
    - target: {fileID: 5620100080543012297, guid: e75ffcfad74f1d743aa076dc9a406ecc,
        type: 3}
      propertyPath: m_Name
      value: Floor
      objectReference: {fileID: 0}
    - target: {fileID: 5620100080543012299, guid: e75ffcfad74f1d743aa076dc9a406ecc,
        type: 3}
      propertyPath: m_Materials.Array.data[0]
      value: 
      objectReference: {fileID: 2100000, guid: 4877c316b94c3a949ae024a254ea6d6e, type: 2}
    - target: {fileID: 5620100080543012301, guid: e75ffcfad74f1d743aa076dc9a406ecc,
        type: 3}
      propertyPath: m_RootOrder
      value: 0
      objectReference: {fileID: 0}
    - target: {fileID: 5620100080543012301, guid: e75ffcfad74f1d743aa076dc9a406ecc,
        type: 3}
      propertyPath: m_LocalScale.x
      value: 19.045967
      objectReference: {fileID: 0}
    - target: {fileID: 5620100080543012301, guid: e75ffcfad74f1d743aa076dc9a406ecc,
        type: 3}
      propertyPath: m_LocalPosition.x
      value: -16.7664
      objectReference: {fileID: 0}
    - target: {fileID: 5620100080543012301, guid: e75ffcfad74f1d743aa076dc9a406ecc,
        type: 3}
      propertyPath: m_LocalPosition.y
      value: 0
      objectReference: {fileID: 0}
    - target: {fileID: 5620100080543012301, guid: e75ffcfad74f1d743aa076dc9a406ecc,
        type: 3}
      propertyPath: m_LocalPosition.z
      value: 0
      objectReference: {fileID: 0}
    - target: {fileID: 5620100080543012301, guid: e75ffcfad74f1d743aa076dc9a406ecc,
        type: 3}
      propertyPath: m_LocalRotation.w
      value: 1
      objectReference: {fileID: 0}
    - target: {fileID: 5620100080543012301, guid: e75ffcfad74f1d743aa076dc9a406ecc,
        type: 3}
      propertyPath: m_LocalRotation.x
      value: -0
      objectReference: {fileID: 0}
    - target: {fileID: 5620100080543012301, guid: e75ffcfad74f1d743aa076dc9a406ecc,
        type: 3}
      propertyPath: m_LocalRotation.y
      value: -0
      objectReference: {fileID: 0}
    - target: {fileID: 5620100080543012301, guid: e75ffcfad74f1d743aa076dc9a406ecc,
        type: 3}
      propertyPath: m_LocalRotation.z
      value: -0
      objectReference: {fileID: 0}
    - target: {fileID: 5620100080543012301, guid: e75ffcfad74f1d743aa076dc9a406ecc,
        type: 3}
      propertyPath: m_LocalEulerAnglesHint.x
      value: 0
      objectReference: {fileID: 0}
    - target: {fileID: 5620100080543012301, guid: e75ffcfad74f1d743aa076dc9a406ecc,
        type: 3}
      propertyPath: m_LocalEulerAnglesHint.y
      value: 0
      objectReference: {fileID: 0}
    - target: {fileID: 5620100080543012301, guid: e75ffcfad74f1d743aa076dc9a406ecc,
        type: 3}
      propertyPath: m_LocalEulerAnglesHint.z
      value: 0
      objectReference: {fileID: 0}
    m_RemovedComponents: []
  m_SourcePrefab: {fileID: 100100000, guid: e75ffcfad74f1d743aa076dc9a406ecc, type: 3}
--- !u!4 &377549312 stripped
Transform:
  m_CorrespondingSourceObject: {fileID: 5620100080543012301, guid: e75ffcfad74f1d743aa076dc9a406ecc,
    type: 3}
  m_PrefabInstance: {fileID: 377549311}
  m_PrefabAsset: {fileID: 0}
--- !u!1001 &382481464
PrefabInstance:
  m_ObjectHideFlags: 0
  serializedVersion: 2
  m_Modification:
    m_TransformParent: {fileID: 308438482}
    m_Modifications:
    - target: {fileID: 5878599885704667059, guid: 14378868b06d6894a800f0822de518e9,
        type: 3}
      propertyPath: m_RootOrder
      value: 3
      objectReference: {fileID: 0}
    - target: {fileID: 5878599885704667059, guid: 14378868b06d6894a800f0822de518e9,
        type: 3}
      propertyPath: m_LocalScale.x
      value: 18.570934
      objectReference: {fileID: 0}
    - target: {fileID: 5878599885704667059, guid: 14378868b06d6894a800f0822de518e9,
        type: 3}
      propertyPath: m_LocalScale.z
      value: 2
      objectReference: {fileID: 0}
    - target: {fileID: 5878599885704667059, guid: 14378868b06d6894a800f0822de518e9,
        type: 3}
      propertyPath: m_LocalPosition.x
      value: 2.0426
      objectReference: {fileID: 0}
    - target: {fileID: 5878599885704667059, guid: 14378868b06d6894a800f0822de518e9,
        type: 3}
      propertyPath: m_LocalPosition.y
      value: 0
      objectReference: {fileID: 0}
    - target: {fileID: 5878599885704667059, guid: 14378868b06d6894a800f0822de518e9,
        type: 3}
      propertyPath: m_LocalPosition.z
      value: 0
      objectReference: {fileID: 0}
    - target: {fileID: 5878599885704667059, guid: 14378868b06d6894a800f0822de518e9,
        type: 3}
      propertyPath: m_LocalRotation.w
      value: 1
      objectReference: {fileID: 0}
    - target: {fileID: 5878599885704667059, guid: 14378868b06d6894a800f0822de518e9,
        type: 3}
      propertyPath: m_LocalRotation.x
      value: -0
      objectReference: {fileID: 0}
    - target: {fileID: 5878599885704667059, guid: 14378868b06d6894a800f0822de518e9,
        type: 3}
      propertyPath: m_LocalRotation.y
      value: -0
      objectReference: {fileID: 0}
    - target: {fileID: 5878599885704667059, guid: 14378868b06d6894a800f0822de518e9,
        type: 3}
      propertyPath: m_LocalRotation.z
      value: -0
      objectReference: {fileID: 0}
    - target: {fileID: 5878599885704667059, guid: 14378868b06d6894a800f0822de518e9,
        type: 3}
      propertyPath: m_LocalEulerAnglesHint.x
      value: 0
      objectReference: {fileID: 0}
    - target: {fileID: 5878599885704667059, guid: 14378868b06d6894a800f0822de518e9,
        type: 3}
      propertyPath: m_LocalEulerAnglesHint.y
      value: 0
      objectReference: {fileID: 0}
    - target: {fileID: 5878599885704667059, guid: 14378868b06d6894a800f0822de518e9,
        type: 3}
      propertyPath: m_LocalEulerAnglesHint.z
      value: 0
      objectReference: {fileID: 0}
    - target: {fileID: 5878599885704667068, guid: 14378868b06d6894a800f0822de518e9,
        type: 3}
      propertyPath: m_Name
      value: Obstacle (1)
      objectReference: {fileID: 0}
    m_RemovedComponents: []
  m_SourcePrefab: {fileID: 100100000, guid: 14378868b06d6894a800f0822de518e9, type: 3}
--- !u!4 &382481465 stripped
Transform:
  m_CorrespondingSourceObject: {fileID: 5878599885704667059, guid: 14378868b06d6894a800f0822de518e9,
    type: 3}
  m_PrefabInstance: {fileID: 382481464}
  m_PrefabAsset: {fileID: 0}
--- !u!1001 &409332250
PrefabInstance:
  m_ObjectHideFlags: 0
  serializedVersion: 2
  m_Modification:
    m_TransformParent: {fileID: 1781106816}
    m_Modifications:
    - target: {fileID: 5620100080543012297, guid: e75ffcfad74f1d743aa076dc9a406ecc,
        type: 3}
      propertyPath: m_Name
      value: Floor (5)
      objectReference: {fileID: 0}
    - target: {fileID: 5620100080543012299, guid: e75ffcfad74f1d743aa076dc9a406ecc,
        type: 3}
      propertyPath: m_Materials.Array.data[0]
      value: 
      objectReference: {fileID: 2100000, guid: 4877c316b94c3a949ae024a254ea6d6e, type: 2}
    - target: {fileID: 5620100080543012301, guid: e75ffcfad74f1d743aa076dc9a406ecc,
        type: 3}
      propertyPath: m_RootOrder
      value: 6
      objectReference: {fileID: 0}
    - target: {fileID: 5620100080543012301, guid: e75ffcfad74f1d743aa076dc9a406ecc,
        type: 3}
      propertyPath: m_LocalScale.x
      value: 9.633364
      objectReference: {fileID: 0}
    - target: {fileID: 5620100080543012301, guid: e75ffcfad74f1d743aa076dc9a406ecc,
        type: 3}
      propertyPath: m_LocalPosition.x
      value: 120.71
      objectReference: {fileID: 0}
    - target: {fileID: 5620100080543012301, guid: e75ffcfad74f1d743aa076dc9a406ecc,
        type: 3}
      propertyPath: m_LocalPosition.y
      value: 0
      objectReference: {fileID: 0}
    - target: {fileID: 5620100080543012301, guid: e75ffcfad74f1d743aa076dc9a406ecc,
        type: 3}
      propertyPath: m_LocalPosition.z
      value: 0
      objectReference: {fileID: 0}
    - target: {fileID: 5620100080543012301, guid: e75ffcfad74f1d743aa076dc9a406ecc,
        type: 3}
      propertyPath: m_LocalRotation.w
      value: 1
      objectReference: {fileID: 0}
    - target: {fileID: 5620100080543012301, guid: e75ffcfad74f1d743aa076dc9a406ecc,
        type: 3}
      propertyPath: m_LocalRotation.x
      value: -0
      objectReference: {fileID: 0}
    - target: {fileID: 5620100080543012301, guid: e75ffcfad74f1d743aa076dc9a406ecc,
        type: 3}
      propertyPath: m_LocalRotation.y
      value: -0
      objectReference: {fileID: 0}
    - target: {fileID: 5620100080543012301, guid: e75ffcfad74f1d743aa076dc9a406ecc,
        type: 3}
      propertyPath: m_LocalRotation.z
      value: -0
      objectReference: {fileID: 0}
    - target: {fileID: 5620100080543012301, guid: e75ffcfad74f1d743aa076dc9a406ecc,
        type: 3}
      propertyPath: m_LocalEulerAnglesHint.x
      value: 0
      objectReference: {fileID: 0}
    - target: {fileID: 5620100080543012301, guid: e75ffcfad74f1d743aa076dc9a406ecc,
        type: 3}
      propertyPath: m_LocalEulerAnglesHint.y
      value: 0
      objectReference: {fileID: 0}
    - target: {fileID: 5620100080543012301, guid: e75ffcfad74f1d743aa076dc9a406ecc,
        type: 3}
      propertyPath: m_LocalEulerAnglesHint.z
      value: 0
      objectReference: {fileID: 0}
    m_RemovedComponents: []
  m_SourcePrefab: {fileID: 100100000, guid: e75ffcfad74f1d743aa076dc9a406ecc, type: 3}
--- !u!4 &409332251 stripped
Transform:
  m_CorrespondingSourceObject: {fileID: 5620100080543012301, guid: e75ffcfad74f1d743aa076dc9a406ecc,
    type: 3}
  m_PrefabInstance: {fileID: 409332250}
  m_PrefabAsset: {fileID: 0}
--- !u!1001 &429000008
PrefabInstance:
  m_ObjectHideFlags: 0
  serializedVersion: 2
  m_Modification:
    m_TransformParent: {fileID: 308438482}
    m_Modifications:
    - target: {fileID: 6867297054333969162, guid: 5d7c7486aa201204597addb3bc5839d3,
        type: 3}
      propertyPath: m_Name
      value: Trampoline (3)
      objectReference: {fileID: 0}
    - target: {fileID: 6867297054333969167, guid: 5d7c7486aa201204597addb3bc5839d3,
        type: 3}
      propertyPath: m_RootOrder
      value: 2
      objectReference: {fileID: 0}
    - target: {fileID: 6867297054333969167, guid: 5d7c7486aa201204597addb3bc5839d3,
        type: 3}
      propertyPath: m_LocalPosition.x
      value: 5.46
      objectReference: {fileID: 0}
    - target: {fileID: 6867297054333969167, guid: 5d7c7486aa201204597addb3bc5839d3,
        type: 3}
      propertyPath: m_LocalPosition.y
      value: 5.14
      objectReference: {fileID: 0}
    - target: {fileID: 6867297054333969167, guid: 5d7c7486aa201204597addb3bc5839d3,
        type: 3}
      propertyPath: m_LocalPosition.z
      value: 0.011474609
      objectReference: {fileID: 0}
    - target: {fileID: 6867297054333969167, guid: 5d7c7486aa201204597addb3bc5839d3,
        type: 3}
      propertyPath: m_LocalRotation.w
      value: 1
      objectReference: {fileID: 0}
    - target: {fileID: 6867297054333969167, guid: 5d7c7486aa201204597addb3bc5839d3,
        type: 3}
      propertyPath: m_LocalRotation.x
      value: -0
      objectReference: {fileID: 0}
    - target: {fileID: 6867297054333969167, guid: 5d7c7486aa201204597addb3bc5839d3,
        type: 3}
      propertyPath: m_LocalRotation.y
      value: -0
      objectReference: {fileID: 0}
    - target: {fileID: 6867297054333969167, guid: 5d7c7486aa201204597addb3bc5839d3,
        type: 3}
      propertyPath: m_LocalRotation.z
      value: -0
      objectReference: {fileID: 0}
    - target: {fileID: 6867297054333969167, guid: 5d7c7486aa201204597addb3bc5839d3,
        type: 3}
      propertyPath: m_LocalEulerAnglesHint.x
      value: 0
      objectReference: {fileID: 0}
    - target: {fileID: 6867297054333969167, guid: 5d7c7486aa201204597addb3bc5839d3,
        type: 3}
      propertyPath: m_LocalEulerAnglesHint.y
      value: 0
      objectReference: {fileID: 0}
    - target: {fileID: 6867297054333969167, guid: 5d7c7486aa201204597addb3bc5839d3,
        type: 3}
      propertyPath: m_LocalEulerAnglesHint.z
      value: 0
      objectReference: {fileID: 0}
    m_RemovedComponents: []
  m_SourcePrefab: {fileID: 100100000, guid: 5d7c7486aa201204597addb3bc5839d3, type: 3}
--- !u!4 &429000009 stripped
Transform:
  m_CorrespondingSourceObject: {fileID: 6867297054333969167, guid: 5d7c7486aa201204597addb3bc5839d3,
    type: 3}
  m_PrefabInstance: {fileID: 429000008}
  m_PrefabAsset: {fileID: 0}
--- !u!1001 &566014251
PrefabInstance:
  m_ObjectHideFlags: 0
  serializedVersion: 2
  m_Modification:
    m_TransformParent: {fileID: 1781106816}
    m_Modifications:
    - target: {fileID: 5620100080543012297, guid: e75ffcfad74f1d743aa076dc9a406ecc,
        type: 3}
      propertyPath: m_Name
      value: Floor (3)
      objectReference: {fileID: 0}
    - target: {fileID: 5620100080543012299, guid: e75ffcfad74f1d743aa076dc9a406ecc,
        type: 3}
      propertyPath: m_Materials.Array.data[0]
      value: 
      objectReference: {fileID: 2100000, guid: 4877c316b94c3a949ae024a254ea6d6e, type: 2}
    - target: {fileID: 5620100080543012301, guid: e75ffcfad74f1d743aa076dc9a406ecc,
        type: 3}
      propertyPath: m_RootOrder
      value: 4
      objectReference: {fileID: 0}
    - target: {fileID: 5620100080543012301, guid: e75ffcfad74f1d743aa076dc9a406ecc,
        type: 3}
      propertyPath: m_LocalScale.x
      value: 9.633364
      objectReference: {fileID: 0}
    - target: {fileID: 5620100080543012301, guid: e75ffcfad74f1d743aa076dc9a406ecc,
        type: 3}
      propertyPath: m_LocalPosition.x
      value: 80.41
      objectReference: {fileID: 0}
    - target: {fileID: 5620100080543012301, guid: e75ffcfad74f1d743aa076dc9a406ecc,
        type: 3}
      propertyPath: m_LocalPosition.y
      value: 0
      objectReference: {fileID: 0}
    - target: {fileID: 5620100080543012301, guid: e75ffcfad74f1d743aa076dc9a406ecc,
        type: 3}
      propertyPath: m_LocalPosition.z
      value: 0
      objectReference: {fileID: 0}
    - target: {fileID: 5620100080543012301, guid: e75ffcfad74f1d743aa076dc9a406ecc,
        type: 3}
      propertyPath: m_LocalRotation.w
      value: 1
      objectReference: {fileID: 0}
    - target: {fileID: 5620100080543012301, guid: e75ffcfad74f1d743aa076dc9a406ecc,
        type: 3}
      propertyPath: m_LocalRotation.x
      value: -0
      objectReference: {fileID: 0}
    - target: {fileID: 5620100080543012301, guid: e75ffcfad74f1d743aa076dc9a406ecc,
        type: 3}
      propertyPath: m_LocalRotation.y
      value: -0
      objectReference: {fileID: 0}
    - target: {fileID: 5620100080543012301, guid: e75ffcfad74f1d743aa076dc9a406ecc,
        type: 3}
      propertyPath: m_LocalRotation.z
      value: -0
      objectReference: {fileID: 0}
    - target: {fileID: 5620100080543012301, guid: e75ffcfad74f1d743aa076dc9a406ecc,
        type: 3}
      propertyPath: m_LocalEulerAnglesHint.x
      value: 0
      objectReference: {fileID: 0}
    - target: {fileID: 5620100080543012301, guid: e75ffcfad74f1d743aa076dc9a406ecc,
        type: 3}
      propertyPath: m_LocalEulerAnglesHint.y
      value: 0
      objectReference: {fileID: 0}
    - target: {fileID: 5620100080543012301, guid: e75ffcfad74f1d743aa076dc9a406ecc,
        type: 3}
      propertyPath: m_LocalEulerAnglesHint.z
      value: 0
      objectReference: {fileID: 0}
    m_RemovedComponents: []
  m_SourcePrefab: {fileID: 100100000, guid: e75ffcfad74f1d743aa076dc9a406ecc, type: 3}
--- !u!4 &566014252 stripped
Transform:
  m_CorrespondingSourceObject: {fileID: 5620100080543012301, guid: e75ffcfad74f1d743aa076dc9a406ecc,
    type: 3}
  m_PrefabInstance: {fileID: 566014251}
  m_PrefabAsset: {fileID: 0}
--- !u!1 &684316281
GameObject:
  m_ObjectHideFlags: 0
  m_CorrespondingSourceObject: {fileID: 0}
  m_PrefabInstance: {fileID: 0}
  m_PrefabAsset: {fileID: 0}
  serializedVersion: 6
  m_Component:
  - component: {fileID: 684316283}
  - component: {fileID: 684316282}
  m_Layer: 0
  m_Name: Directional Light
  m_TagString: Untagged
  m_Icon: {fileID: 0}
  m_NavMeshLayer: 0
  m_StaticEditorFlags: 0
  m_IsActive: 1
--- !u!108 &684316282
Light:
  m_ObjectHideFlags: 0
  m_CorrespondingSourceObject: {fileID: 0}
  m_PrefabInstance: {fileID: 0}
  m_PrefabAsset: {fileID: 0}
  m_GameObject: {fileID: 684316281}
  m_Enabled: 1
  serializedVersion: 10
  m_Type: 1
  m_Shape: 0
  m_Color: {r: 1, g: 0.95686275, b: 0.8392157, a: 1}
  m_Intensity: 1
  m_Range: 10
  m_SpotAngle: 30
  m_InnerSpotAngle: 21.80208
  m_CookieSize: 10
  m_Shadows:
    m_Type: 2
    m_Resolution: -1
    m_CustomResolution: -1
    m_Strength: 1
    m_Bias: 0.05
    m_NormalBias: 0.4
    m_NearPlane: 0.2
    m_CullingMatrixOverride:
      e00: 1
      e01: 0
      e02: 0
      e03: 0
      e10: 0
      e11: 1
      e12: 0
      e13: 0
      e20: 0
      e21: 0
      e22: 1
      e23: 0
      e30: 0
      e31: 0
      e32: 0
      e33: 1
    m_UseCullingMatrixOverride: 0
  m_Cookie: {fileID: 0}
  m_DrawHalo: 0
  m_Flare: {fileID: 0}
  m_RenderMode: 0
  m_CullingMask:
    serializedVersion: 2
    m_Bits: 4294967295
  m_RenderingLayerMask: 1
  m_Lightmapping: 4
  m_LightShadowCasterMode: 0
  m_AreaSize: {x: 1, y: 1}
  m_BounceIntensity: 1
  m_ColorTemperature: 6570
  m_UseColorTemperature: 0
  m_BoundingSphereOverride: {x: 0, y: 0, z: 0, w: 0}
  m_UseBoundingSphereOverride: 0
  m_UseViewFrustumForShadowCasterCull: 1
  m_ShadowRadius: 0
  m_ShadowAngle: 0
--- !u!4 &684316283
Transform:
  m_ObjectHideFlags: 0
  m_CorrespondingSourceObject: {fileID: 0}
  m_PrefabInstance: {fileID: 0}
  m_PrefabAsset: {fileID: 0}
  m_GameObject: {fileID: 684316281}
  m_LocalRotation: {x: 0.40821788, y: -0.23456968, z: 0.10938163, w: 0.8754261}
  m_LocalPosition: {x: 0, y: 3, z: 0}
  m_LocalScale: {x: 1, y: 1, z: 1}
  m_Children: []
  m_Father: {fileID: 0}
  m_RootOrder: 0
  m_LocalEulerAnglesHint: {x: 50, y: -30, z: 0}
--- !u!1001 &1127638706
PrefabInstance:
  m_ObjectHideFlags: 0
  serializedVersion: 2
  m_Modification:
    m_TransformParent: {fileID: 308438482}
    m_Modifications:
    - target: {fileID: 7539256165176281093, guid: 60e1a99da3d9b124b9c7e88033fc0850,
        type: 3}
      propertyPath: m_RootOrder
      value: 5
      objectReference: {fileID: 0}
    - target: {fileID: 7539256165176281093, guid: 60e1a99da3d9b124b9c7e88033fc0850,
        type: 3}
      propertyPath: m_LocalScale.x
      value: 212.535
      objectReference: {fileID: 0}
    - target: {fileID: 7539256165176281093, guid: 60e1a99da3d9b124b9c7e88033fc0850,
        type: 3}
      propertyPath: m_LocalPosition.x
      value: 37.9085
      objectReference: {fileID: 0}
    - target: {fileID: 7539256165176281093, guid: 60e1a99da3d9b124b9c7e88033fc0850,
        type: 3}
      propertyPath: m_LocalPosition.y
      value: -8.440001
      objectReference: {fileID: 0}
    - target: {fileID: 7539256165176281093, guid: 60e1a99da3d9b124b9c7e88033fc0850,
        type: 3}
      propertyPath: m_LocalPosition.z
      value: 0
      objectReference: {fileID: 0}
    - target: {fileID: 7539256165176281093, guid: 60e1a99da3d9b124b9c7e88033fc0850,
        type: 3}
      propertyPath: m_LocalRotation.w
      value: 1
      objectReference: {fileID: 0}
    - target: {fileID: 7539256165176281093, guid: 60e1a99da3d9b124b9c7e88033fc0850,
        type: 3}
      propertyPath: m_LocalRotation.x
      value: -0
      objectReference: {fileID: 0}
    - target: {fileID: 7539256165176281093, guid: 60e1a99da3d9b124b9c7e88033fc0850,
        type: 3}
      propertyPath: m_LocalRotation.y
      value: -0
      objectReference: {fileID: 0}
    - target: {fileID: 7539256165176281093, guid: 60e1a99da3d9b124b9c7e88033fc0850,
        type: 3}
      propertyPath: m_LocalRotation.z
      value: -0
      objectReference: {fileID: 0}
    - target: {fileID: 7539256165176281093, guid: 60e1a99da3d9b124b9c7e88033fc0850,
        type: 3}
      propertyPath: m_LocalEulerAnglesHint.x
      value: 0
      objectReference: {fileID: 0}
    - target: {fileID: 7539256165176281093, guid: 60e1a99da3d9b124b9c7e88033fc0850,
        type: 3}
      propertyPath: m_LocalEulerAnglesHint.y
      value: 0
      objectReference: {fileID: 0}
    - target: {fileID: 7539256165176281093, guid: 60e1a99da3d9b124b9c7e88033fc0850,
        type: 3}
      propertyPath: m_LocalEulerAnglesHint.z
      value: 0
      objectReference: {fileID: 0}
    - target: {fileID: 7539256165176281098, guid: 60e1a99da3d9b124b9c7e88033fc0850,
        type: 3}
      propertyPath: m_Name
      value: BottomObstacle
      objectReference: {fileID: 0}
    m_RemovedComponents: []
  m_SourcePrefab: {fileID: 100100000, guid: 60e1a99da3d9b124b9c7e88033fc0850, type: 3}
--- !u!4 &1127638707 stripped
Transform:
  m_CorrespondingSourceObject: {fileID: 7539256165176281093, guid: 60e1a99da3d9b124b9c7e88033fc0850,
    type: 3}
  m_PrefabInstance: {fileID: 1127638706}
  m_PrefabAsset: {fileID: 0}
--- !u!1001 &1433981445
PrefabInstance:
  m_ObjectHideFlags: 0
  serializedVersion: 2
  m_Modification:
    m_TransformParent: {fileID: 308438482}
    m_Modifications:
    - target: {fileID: 6867297054333969162, guid: 5d7c7486aa201204597addb3bc5839d3,
        type: 3}
      propertyPath: m_Name
      value: Trampoline
      objectReference: {fileID: 0}
    - target: {fileID: 6867297054333969167, guid: 5d7c7486aa201204597addb3bc5839d3,
        type: 3}
      propertyPath: m_RootOrder
      value: 4
      objectReference: {fileID: 0}
    - target: {fileID: 6867297054333969167, guid: 5d7c7486aa201204597addb3bc5839d3,
        type: 3}
      propertyPath: m_LocalPosition.x
      value: -8.110001
      objectReference: {fileID: 0}
    - target: {fileID: 6867297054333969167, guid: 5d7c7486aa201204597addb3bc5839d3,
        type: 3}
      propertyPath: m_LocalPosition.y
      value: 1.1000004
      objectReference: {fileID: 0}
    - target: {fileID: 6867297054333969167, guid: 5d7c7486aa201204597addb3bc5839d3,
        type: 3}
      propertyPath: m_LocalPosition.z
      value: 0.011474609
      objectReference: {fileID: 0}
    - target: {fileID: 6867297054333969167, guid: 5d7c7486aa201204597addb3bc5839d3,
        type: 3}
      propertyPath: m_LocalRotation.w
      value: 1
      objectReference: {fileID: 0}
    - target: {fileID: 6867297054333969167, guid: 5d7c7486aa201204597addb3bc5839d3,
        type: 3}
      propertyPath: m_LocalRotation.x
      value: -0
      objectReference: {fileID: 0}
    - target: {fileID: 6867297054333969167, guid: 5d7c7486aa201204597addb3bc5839d3,
        type: 3}
      propertyPath: m_LocalRotation.y
      value: -0
      objectReference: {fileID: 0}
    - target: {fileID: 6867297054333969167, guid: 5d7c7486aa201204597addb3bc5839d3,
        type: 3}
      propertyPath: m_LocalRotation.z
      value: -0
      objectReference: {fileID: 0}
    - target: {fileID: 6867297054333969167, guid: 5d7c7486aa201204597addb3bc5839d3,
        type: 3}
      propertyPath: m_LocalEulerAnglesHint.x
      value: 0
      objectReference: {fileID: 0}
    - target: {fileID: 6867297054333969167, guid: 5d7c7486aa201204597addb3bc5839d3,
        type: 3}
      propertyPath: m_LocalEulerAnglesHint.y
      value: 0
      objectReference: {fileID: 0}
    - target: {fileID: 6867297054333969167, guid: 5d7c7486aa201204597addb3bc5839d3,
        type: 3}
      propertyPath: m_LocalEulerAnglesHint.z
      value: 0
      objectReference: {fileID: 0}
    m_RemovedComponents: []
  m_SourcePrefab: {fileID: 100100000, guid: 5d7c7486aa201204597addb3bc5839d3, type: 3}
--- !u!4 &1433981446 stripped
Transform:
  m_CorrespondingSourceObject: {fileID: 6867297054333969167, guid: 5d7c7486aa201204597addb3bc5839d3,
    type: 3}
  m_PrefabInstance: {fileID: 1433981445}
  m_PrefabAsset: {fileID: 0}
--- !u!1001 &1486648179
PrefabInstance:
  m_ObjectHideFlags: 0
  serializedVersion: 2
  m_Modification:
    m_TransformParent: {fileID: 1781106816}
    m_Modifications:
    - target: {fileID: 5620100080543012297, guid: e75ffcfad74f1d743aa076dc9a406ecc,
        type: 3}
      propertyPath: m_Name
      value: Floor (2)
      objectReference: {fileID: 0}
    - target: {fileID: 5620100080543012299, guid: e75ffcfad74f1d743aa076dc9a406ecc,
        type: 3}
      propertyPath: m_Materials.Array.data[0]
      value: 
      objectReference: {fileID: 2100000, guid: 4877c316b94c3a949ae024a254ea6d6e, type: 2}
    - target: {fileID: 5620100080543012301, guid: e75ffcfad74f1d743aa076dc9a406ecc,
        type: 3}
      propertyPath: m_RootOrder
      value: 3
      objectReference: {fileID: 0}
    - target: {fileID: 5620100080543012301, guid: e75ffcfad74f1d743aa076dc9a406ecc,
        type: 3}
      propertyPath: m_LocalScale.x
      value: 7.9292216
      objectReference: {fileID: 0}
    - target: {fileID: 5620100080543012301, guid: e75ffcfad74f1d743aa076dc9a406ecc,
        type: 3}
      propertyPath: m_LocalPosition.x
      value: 54.5206
      objectReference: {fileID: 0}
    - target: {fileID: 5620100080543012301, guid: e75ffcfad74f1d743aa076dc9a406ecc,
        type: 3}
      propertyPath: m_LocalPosition.y
      value: 0
      objectReference: {fileID: 0}
    - target: {fileID: 5620100080543012301, guid: e75ffcfad74f1d743aa076dc9a406ecc,
        type: 3}
      propertyPath: m_LocalPosition.z
      value: 0
      objectReference: {fileID: 0}
    - target: {fileID: 5620100080543012301, guid: e75ffcfad74f1d743aa076dc9a406ecc,
        type: 3}
      propertyPath: m_LocalRotation.w
      value: 1
      objectReference: {fileID: 0}
    - target: {fileID: 5620100080543012301, guid: e75ffcfad74f1d743aa076dc9a406ecc,
        type: 3}
      propertyPath: m_LocalRotation.x
      value: -0
      objectReference: {fileID: 0}
    - target: {fileID: 5620100080543012301, guid: e75ffcfad74f1d743aa076dc9a406ecc,
        type: 3}
      propertyPath: m_LocalRotation.y
      value: -0
      objectReference: {fileID: 0}
    - target: {fileID: 5620100080543012301, guid: e75ffcfad74f1d743aa076dc9a406ecc,
        type: 3}
      propertyPath: m_LocalRotation.z
      value: -0
      objectReference: {fileID: 0}
    - target: {fileID: 5620100080543012301, guid: e75ffcfad74f1d743aa076dc9a406ecc,
        type: 3}
      propertyPath: m_LocalEulerAnglesHint.x
      value: 0
      objectReference: {fileID: 0}
    - target: {fileID: 5620100080543012301, guid: e75ffcfad74f1d743aa076dc9a406ecc,
        type: 3}
      propertyPath: m_LocalEulerAnglesHint.y
      value: 0
      objectReference: {fileID: 0}
    - target: {fileID: 5620100080543012301, guid: e75ffcfad74f1d743aa076dc9a406ecc,
        type: 3}
      propertyPath: m_LocalEulerAnglesHint.z
      value: 0
      objectReference: {fileID: 0}
    m_RemovedComponents: []
  m_SourcePrefab: {fileID: 100100000, guid: e75ffcfad74f1d743aa076dc9a406ecc, type: 3}
--- !u!4 &1486648180 stripped
Transform:
  m_CorrespondingSourceObject: {fileID: 5620100080543012301, guid: e75ffcfad74f1d743aa076dc9a406ecc,
    type: 3}
  m_PrefabInstance: {fileID: 1486648179}
  m_PrefabAsset: {fileID: 0}
--- !u!1001 &1522227978
PrefabInstance:
  m_ObjectHideFlags: 0
  serializedVersion: 2
  m_Modification:
    m_TransformParent: {fileID: 308438482}
    m_Modifications:
    - target: {fileID: 6867297054333969162, guid: 5d7c7486aa201204597addb3bc5839d3,
        type: 3}
      propertyPath: m_Name
      value: Trampoline (4)
      objectReference: {fileID: 0}
    - target: {fileID: 6867297054333969167, guid: 5d7c7486aa201204597addb3bc5839d3,
        type: 3}
      propertyPath: m_RootOrder
      value: 8
      objectReference: {fileID: 0}
    - target: {fileID: 6867297054333969167, guid: 5d7c7486aa201204597addb3bc5839d3,
        type: 3}
      propertyPath: m_LocalPosition.x
      value: 69.3
      objectReference: {fileID: 0}
    - target: {fileID: 6867297054333969167, guid: 5d7c7486aa201204597addb3bc5839d3,
        type: 3}
      propertyPath: m_LocalPosition.y
      value: 3.21
      objectReference: {fileID: 0}
    - target: {fileID: 6867297054333969167, guid: 5d7c7486aa201204597addb3bc5839d3,
        type: 3}
      propertyPath: m_LocalPosition.z
      value: 0.011474609
      objectReference: {fileID: 0}
    - target: {fileID: 6867297054333969167, guid: 5d7c7486aa201204597addb3bc5839d3,
        type: 3}
      propertyPath: m_LocalRotation.w
      value: 1
      objectReference: {fileID: 0}
    - target: {fileID: 6867297054333969167, guid: 5d7c7486aa201204597addb3bc5839d3,
        type: 3}
      propertyPath: m_LocalRotation.x
      value: -0
      objectReference: {fileID: 0}
    - target: {fileID: 6867297054333969167, guid: 5d7c7486aa201204597addb3bc5839d3,
        type: 3}
      propertyPath: m_LocalRotation.y
      value: -0
      objectReference: {fileID: 0}
    - target: {fileID: 6867297054333969167, guid: 5d7c7486aa201204597addb3bc5839d3,
        type: 3}
      propertyPath: m_LocalRotation.z
      value: -0
      objectReference: {fileID: 0}
    - target: {fileID: 6867297054333969167, guid: 5d7c7486aa201204597addb3bc5839d3,
        type: 3}
      propertyPath: m_LocalEulerAnglesHint.x
      value: 0
      objectReference: {fileID: 0}
    - target: {fileID: 6867297054333969167, guid: 5d7c7486aa201204597addb3bc5839d3,
        type: 3}
      propertyPath: m_LocalEulerAnglesHint.y
      value: 0
      objectReference: {fileID: 0}
    - target: {fileID: 6867297054333969167, guid: 5d7c7486aa201204597addb3bc5839d3,
        type: 3}
      propertyPath: m_LocalEulerAnglesHint.z
      value: 0
      objectReference: {fileID: 0}
    m_RemovedComponents: []
  m_SourcePrefab: {fileID: 100100000, guid: 5d7c7486aa201204597addb3bc5839d3, type: 3}
--- !u!4 &1522227979 stripped
Transform:
  m_CorrespondingSourceObject: {fileID: 6867297054333969167, guid: 5d7c7486aa201204597addb3bc5839d3,
    type: 3}
  m_PrefabInstance: {fileID: 1522227978}
  m_PrefabAsset: {fileID: 0}
--- !u!1001 &1548820149
PrefabInstance:
  m_ObjectHideFlags: 0
  serializedVersion: 2
  m_Modification:
    m_TransformParent: {fileID: 308438482}
    m_Modifications:
    - target: {fileID: 3937836516165855248, guid: dc880dcb5e8c77a4c84016d44131a0c4,
        type: 3}
      propertyPath: m_Name
      value: Trampoline2
      objectReference: {fileID: 0}
    - target: {fileID: 3937836516165855253, guid: dc880dcb5e8c77a4c84016d44131a0c4,
        type: 3}
      propertyPath: m_RootOrder
      value: 10
      objectReference: {fileID: 0}
    - target: {fileID: 3937836516165855253, guid: dc880dcb5e8c77a4c84016d44131a0c4,
        type: 3}
      propertyPath: m_LocalPosition.x
      value: 104.16
      objectReference: {fileID: 0}
    - target: {fileID: 3937836516165855253, guid: dc880dcb5e8c77a4c84016d44131a0c4,
        type: 3}
      propertyPath: m_LocalPosition.y
      value: -3.52
      objectReference: {fileID: 0}
    - target: {fileID: 3937836516165855253, guid: dc880dcb5e8c77a4c84016d44131a0c4,
        type: 3}
      propertyPath: m_LocalPosition.z
      value: 0
      objectReference: {fileID: 0}
    - target: {fileID: 3937836516165855253, guid: dc880dcb5e8c77a4c84016d44131a0c4,
        type: 3}
      propertyPath: m_LocalRotation.w
      value: 1
      objectReference: {fileID: 0}
    - target: {fileID: 3937836516165855253, guid: dc880dcb5e8c77a4c84016d44131a0c4,
        type: 3}
      propertyPath: m_LocalRotation.x
      value: -0
      objectReference: {fileID: 0}
    - target: {fileID: 3937836516165855253, guid: dc880dcb5e8c77a4c84016d44131a0c4,
        type: 3}
      propertyPath: m_LocalRotation.y
      value: -0
      objectReference: {fileID: 0}
    - target: {fileID: 3937836516165855253, guid: dc880dcb5e8c77a4c84016d44131a0c4,
        type: 3}
      propertyPath: m_LocalRotation.z
      value: -0
      objectReference: {fileID: 0}
    - target: {fileID: 3937836516165855253, guid: dc880dcb5e8c77a4c84016d44131a0c4,
        type: 3}
      propertyPath: m_LocalEulerAnglesHint.x
      value: 0
      objectReference: {fileID: 0}
    - target: {fileID: 3937836516165855253, guid: dc880dcb5e8c77a4c84016d44131a0c4,
        type: 3}
      propertyPath: m_LocalEulerAnglesHint.y
      value: 0
      objectReference: {fileID: 0}
    - target: {fileID: 3937836516165855253, guid: dc880dcb5e8c77a4c84016d44131a0c4,
        type: 3}
      propertyPath: m_LocalEulerAnglesHint.z
      value: 0
      objectReference: {fileID: 0}
    m_RemovedComponents: []
  m_SourcePrefab: {fileID: 100100000, guid: dc880dcb5e8c77a4c84016d44131a0c4, type: 3}
--- !u!4 &1548820150 stripped
Transform:
  m_CorrespondingSourceObject: {fileID: 3937836516165855253, guid: dc880dcb5e8c77a4c84016d44131a0c4,
    type: 3}
  m_PrefabInstance: {fileID: 1548820149}
  m_PrefabAsset: {fileID: 0}
--- !u!1001 &1632223357
PrefabInstance:
  m_ObjectHideFlags: 0
  serializedVersion: 2
  m_Modification:
    m_TransformParent: {fileID: 1781106816}
    m_Modifications:
    - target: {fileID: 1992632755488242778, guid: 4f559d9abd1579144a40b6b4b9281ee7,
        type: 3}
      propertyPath: m_RootOrder
      value: 1
      objectReference: {fileID: 0}
    - target: {fileID: 1992632755488242778, guid: 4f559d9abd1579144a40b6b4b9281ee7,
        type: 3}
      propertyPath: m_LocalPosition.x
      value: -25.289383
      objectReference: {fileID: 0}
    - target: {fileID: 1992632755488242778, guid: 4f559d9abd1579144a40b6b4b9281ee7,
        type: 3}
      propertyPath: m_LocalPosition.y
      value: 2
      objectReference: {fileID: 0}
    - target: {fileID: 1992632755488242778, guid: 4f559d9abd1579144a40b6b4b9281ee7,
        type: 3}
      propertyPath: m_LocalPosition.z
      value: 0
      objectReference: {fileID: 0}
    - target: {fileID: 1992632755488242778, guid: 4f559d9abd1579144a40b6b4b9281ee7,
        type: 3}
      propertyPath: m_LocalRotation.w
      value: 1
      objectReference: {fileID: 0}
    - target: {fileID: 1992632755488242778, guid: 4f559d9abd1579144a40b6b4b9281ee7,
        type: 3}
      propertyPath: m_LocalRotation.x
      value: -0
      objectReference: {fileID: 0}
    - target: {fileID: 1992632755488242778, guid: 4f559d9abd1579144a40b6b4b9281ee7,
        type: 3}
      propertyPath: m_LocalRotation.y
      value: -0
      objectReference: {fileID: 0}
    - target: {fileID: 1992632755488242778, guid: 4f559d9abd1579144a40b6b4b9281ee7,
        type: 3}
      propertyPath: m_LocalRotation.z
      value: -0
      objectReference: {fileID: 0}
    - target: {fileID: 1992632755488242778, guid: 4f559d9abd1579144a40b6b4b9281ee7,
        type: 3}
      propertyPath: m_LocalEulerAnglesHint.x
      value: 0
      objectReference: {fileID: 0}
    - target: {fileID: 1992632755488242778, guid: 4f559d9abd1579144a40b6b4b9281ee7,
        type: 3}
      propertyPath: m_LocalEulerAnglesHint.y
      value: 0
      objectReference: {fileID: 0}
    - target: {fileID: 1992632755488242778, guid: 4f559d9abd1579144a40b6b4b9281ee7,
        type: 3}
      propertyPath: m_LocalEulerAnglesHint.z
      value: 0
      objectReference: {fileID: 0}
    - target: {fileID: 1992632755488242780, guid: 4f559d9abd1579144a40b6b4b9281ee7,
        type: 3}
      propertyPath: m_Materials.Array.data[0]
      value: 
      objectReference: {fileID: 2100000, guid: 4877c316b94c3a949ae024a254ea6d6e, type: 2}
    - target: {fileID: 1992632755488242782, guid: 4f559d9abd1579144a40b6b4b9281ee7,
        type: 3}
      propertyPath: m_Name
      value: Wall (1)
      objectReference: {fileID: 0}
    - target: {fileID: 1992632755488242782, guid: 4f559d9abd1579144a40b6b4b9281ee7,
        type: 3}
      propertyPath: m_IsActive
      value: 1
      objectReference: {fileID: 0}
    m_RemovedComponents: []
  m_SourcePrefab: {fileID: 100100000, guid: 4f559d9abd1579144a40b6b4b9281ee7, type: 3}
--- !u!4 &1632223358 stripped
Transform:
  m_CorrespondingSourceObject: {fileID: 1992632755488242778, guid: 4f559d9abd1579144a40b6b4b9281ee7,
    type: 3}
  m_PrefabInstance: {fileID: 1632223357}
  m_PrefabAsset: {fileID: 0}
--- !u!1 &1781106815
GameObject:
  m_ObjectHideFlags: 0
  m_CorrespondingSourceObject: {fileID: 0}
  m_PrefabInstance: {fileID: 0}
  m_PrefabAsset: {fileID: 0}
  serializedVersion: 6
  m_Component:
  - component: {fileID: 1781106816}
  m_Layer: 0
  m_Name: LevelObjects
  m_TagString: Untagged
  m_Icon: {fileID: 0}
  m_NavMeshLayer: 0
  m_StaticEditorFlags: 0
  m_IsActive: 1
--- !u!4 &1781106816
Transform:
  m_ObjectHideFlags: 0
  m_CorrespondingSourceObject: {fileID: 0}
  m_PrefabInstance: {fileID: 0}
  m_PrefabAsset: {fileID: 0}
  m_GameObject: {fileID: 1781106815}
  m_LocalRotation: {x: 0, y: 0, z: 0, w: 1}
  m_LocalPosition: {x: 0, y: 0, z: 0}
  m_LocalScale: {x: 1, y: 1, z: 1}
  m_Children:
  - {fileID: 377549312}
  - {fileID: 1632223358}
  - {fileID: 108351388}
  - {fileID: 1486648180}
  - {fileID: 566014252}
  - {fileID: 1802003313}
  - {fileID: 409332251}
  m_Father: {fileID: 0}
  m_RootOrder: 4
  m_LocalEulerAnglesHint: {x: 0, y: 0, z: 0}
--- !u!1001 &1802003312
PrefabInstance:
  m_ObjectHideFlags: 0
  serializedVersion: 2
  m_Modification:
    m_TransformParent: {fileID: 1781106816}
    m_Modifications:
    - target: {fileID: 5620100080543012297, guid: e75ffcfad74f1d743aa076dc9a406ecc,
        type: 3}
      propertyPath: m_Name
      value: Floor (4)
      objectReference: {fileID: 0}
    - target: {fileID: 5620100080543012299, guid: e75ffcfad74f1d743aa076dc9a406ecc,
        type: 3}
      propertyPath: m_Materials.Array.data[0]
      value: 
      objectReference: {fileID: 2100000, guid: 4877c316b94c3a949ae024a254ea6d6e, type: 2}
    - target: {fileID: 5620100080543012301, guid: e75ffcfad74f1d743aa076dc9a406ecc,
        type: 3}
      propertyPath: m_RootOrder
      value: 5
      objectReference: {fileID: 0}
    - target: {fileID: 5620100080543012301, guid: e75ffcfad74f1d743aa076dc9a406ecc,
        type: 3}
      propertyPath: m_LocalScale.x
      value: 16.444153
      objectReference: {fileID: 0}
    - target: {fileID: 5620100080543012301, guid: e75ffcfad74f1d743aa076dc9a406ecc,
        type: 3}
      propertyPath: m_LocalPosition.x
      value: 99.8154
      objectReference: {fileID: 0}
    - target: {fileID: 5620100080543012301, guid: e75ffcfad74f1d743aa076dc9a406ecc,
        type: 3}
      propertyPath: m_LocalPosition.y
      value: -4.49
      objectReference: {fileID: 0}
    - target: {fileID: 5620100080543012301, guid: e75ffcfad74f1d743aa076dc9a406ecc,
        type: 3}
      propertyPath: m_LocalPosition.z
      value: 0
      objectReference: {fileID: 0}
    - target: {fileID: 5620100080543012301, guid: e75ffcfad74f1d743aa076dc9a406ecc,
        type: 3}
      propertyPath: m_LocalRotation.w
      value: 1
      objectReference: {fileID: 0}
    - target: {fileID: 5620100080543012301, guid: e75ffcfad74f1d743aa076dc9a406ecc,
        type: 3}
      propertyPath: m_LocalRotation.x
      value: -0
      objectReference: {fileID: 0}
    - target: {fileID: 5620100080543012301, guid: e75ffcfad74f1d743aa076dc9a406ecc,
        type: 3}
      propertyPath: m_LocalRotation.y
      value: -0
      objectReference: {fileID: 0}
    - target: {fileID: 5620100080543012301, guid: e75ffcfad74f1d743aa076dc9a406ecc,
        type: 3}
      propertyPath: m_LocalRotation.z
      value: -0
      objectReference: {fileID: 0}
    - target: {fileID: 5620100080543012301, guid: e75ffcfad74f1d743aa076dc9a406ecc,
        type: 3}
      propertyPath: m_LocalEulerAnglesHint.x
      value: 0
      objectReference: {fileID: 0}
    - target: {fileID: 5620100080543012301, guid: e75ffcfad74f1d743aa076dc9a406ecc,
        type: 3}
      propertyPath: m_LocalEulerAnglesHint.y
      value: 0
      objectReference: {fileID: 0}
    - target: {fileID: 5620100080543012301, guid: e75ffcfad74f1d743aa076dc9a406ecc,
        type: 3}
      propertyPath: m_LocalEulerAnglesHint.z
      value: 0
      objectReference: {fileID: 0}
    m_RemovedComponents: []
  m_SourcePrefab: {fileID: 100100000, guid: e75ffcfad74f1d743aa076dc9a406ecc, type: 3}
--- !u!4 &1802003313 stripped
Transform:
  m_CorrespondingSourceObject: {fileID: 5620100080543012301, guid: e75ffcfad74f1d743aa076dc9a406ecc,
    type: 3}
  m_PrefabInstance: {fileID: 1802003312}
  m_PrefabAsset: {fileID: 0}
