%YAML 1.1
%TAG !u! tag:unity3d.com,2011:
--- !u!29 &1
OcclusionCullingSettings:
  m_ObjectHideFlags: 0
  serializedVersion: 2
  m_OcclusionBakeSettings:
    smallestOccluder: 5
    smallestHole: 0.25
    backfaceThreshold: 100
  m_SceneGUID: 00000000000000000000000000000000
  m_OcclusionCullingData: {fileID: 0}
--- !u!104 &2
RenderSettings:
  m_ObjectHideFlags: 0
  serializedVersion: 9
  m_Fog: 0
  m_FogColor: {r: 0.5, g: 0.5, b: 0.5, a: 1}
  m_FogMode: 3
  m_FogDensity: 0.01
  m_LinearFogStart: 0
  m_LinearFogEnd: 300
  m_AmbientSkyColor: {r: 0.212, g: 0.227, b: 0.259, a: 1}
  m_AmbientEquatorColor: {r: 0.114, g: 0.125, b: 0.133, a: 1}
  m_AmbientGroundColor: {r: 0.047, g: 0.043, b: 0.035, a: 1}
  m_AmbientIntensity: 0
  m_AmbientMode: 0
  m_SubtractiveShadowColor: {r: 0.42, g: 0.478, b: 0.627, a: 1}
  m_SkyboxMaterial: {fileID: 10304, guid: 0000000000000000f000000000000000, type: 0}
  m_HaloStrength: 0.5
  m_FlareStrength: 1
  m_FlareFadeSpeed: 3
  m_HaloTexture: {fileID: 0}
  m_SpotCookie: {fileID: 10001, guid: 0000000000000000e000000000000000, type: 0}
  m_DefaultReflectionMode: 0
  m_DefaultReflectionResolution: 128
  m_ReflectionBounces: 1
  m_ReflectionIntensity: 1
  m_CustomReflection: {fileID: 0}
  m_Sun: {fileID: 0}
  m_IndirectSpecularColor: {r: 0.44657898, g: 0.4964133, b: 0.5748178, a: 1}
  m_UseRadianceAmbientProbe: 0
--- !u!157 &3
LightmapSettings:
  m_ObjectHideFlags: 0
  serializedVersion: 12
  m_GIWorkflowMode: 1
  m_GISettings:
    serializedVersion: 2
    m_BounceScale: 1
    m_IndirectOutputScale: 1
    m_AlbedoBoost: 1
    m_EnvironmentLightingMode: 0
    m_EnableBakedLightmaps: 1
    m_EnableRealtimeLightmaps: 0
  m_LightmapEditorSettings:
    serializedVersion: 12
    m_Resolution: 2
    m_BakeResolution: 40
    m_AtlasSize: 1024
    m_AO: 0
    m_AOMaxDistance: 1
    m_CompAOExponent: 1
    m_CompAOExponentDirect: 0
    m_ExtractAmbientOcclusion: 0
    m_Padding: 2
    m_LightmapParameters: {fileID: 0}
    m_LightmapsBakeMode: 1
    m_TextureCompression: 1
    m_FinalGather: 0
    m_FinalGatherFiltering: 1
    m_FinalGatherRayCount: 256
    m_ReflectionCompression: 2
    m_MixedBakeMode: 2
    m_BakeBackend: 1
    m_PVRSampling: 1
    m_PVRDirectSampleCount: 32
    m_PVRSampleCount: 512
    m_PVRBounces: 2
    m_PVREnvironmentSampleCount: 256
    m_PVREnvironmentReferencePointCount: 2048
    m_PVRFilteringMode: 1
    m_PVRDenoiserTypeDirect: 1
    m_PVRDenoiserTypeIndirect: 1
    m_PVRDenoiserTypeAO: 1
    m_PVRFilterTypeDirect: 0
    m_PVRFilterTypeIndirect: 0
    m_PVRFilterTypeAO: 0
    m_PVREnvironmentMIS: 1
    m_PVRCulling: 1
    m_PVRFilteringGaussRadiusDirect: 1
    m_PVRFilteringGaussRadiusIndirect: 5
    m_PVRFilteringGaussRadiusAO: 2
    m_PVRFilteringAtrousPositionSigmaDirect: 0.5
    m_PVRFilteringAtrousPositionSigmaIndirect: 2
    m_PVRFilteringAtrousPositionSigmaAO: 1
    m_ExportTrainingData: 0
    m_TrainingDataDestination: TrainingData
    m_LightProbeSampleCountMultiplier: 4
  m_LightingDataAsset: {fileID: 0}
  m_LightingSettings: {fileID: 0}
--- !u!196 &4
NavMeshSettings:
  serializedVersion: 2
  m_ObjectHideFlags: 0
  m_BuildSettings:
    serializedVersion: 2
    agentTypeID: 0
    agentRadius: 0.5
    agentHeight: 2
    agentSlope: 45
    agentClimb: 0.4
    ledgeDropHeight: 0
    maxJumpAcrossDistance: 0
    minRegionArea: 2
    manualCellSize: 0
    cellSize: 0.16666667
    manualTileSize: 0
    tileSize: 256
    accuratePlacement: 0
    maxJobWorkers: 0
    preserveTilesOutsideBounds: 0
    debug:
      m_Flags: 0
  m_NavMeshData: {fileID: 0}
--- !u!1001 &71451035
PrefabInstance:
  m_ObjectHideFlags: 0
  serializedVersion: 2
  m_Modification:
    m_TransformParent: {fileID: 1169353444}
    m_Modifications:
    - target: {fileID: 5878599885704667059, guid: 14378868b06d6894a800f0822de518e9,
        type: 3}
      propertyPath: m_RootOrder
      value: 5
      objectReference: {fileID: 0}
    - target: {fileID: 5878599885704667059, guid: 14378868b06d6894a800f0822de518e9,
        type: 3}
      propertyPath: m_LocalScale.y
      value: 0.6911411
      objectReference: {fileID: 0}
    - target: {fileID: 5878599885704667059, guid: 14378868b06d6894a800f0822de518e9,
        type: 3}
      propertyPath: m_LocalScale.z
      value: 2
      objectReference: {fileID: 0}
    - target: {fileID: 5878599885704667059, guid: 14378868b06d6894a800f0822de518e9,
        type: 3}
      propertyPath: m_LocalPosition.x
      value: 17.17
      objectReference: {fileID: 0}
    - target: {fileID: 5878599885704667059, guid: 14378868b06d6894a800f0822de518e9,
        type: 3}
      propertyPath: m_LocalPosition.y
      value: 7.086773
      objectReference: {fileID: 0}
    - target: {fileID: 5878599885704667059, guid: 14378868b06d6894a800f0822de518e9,
        type: 3}
      propertyPath: m_LocalPosition.z
      value: 0
      objectReference: {fileID: 0}
    - target: {fileID: 5878599885704667059, guid: 14378868b06d6894a800f0822de518e9,
        type: 3}
      propertyPath: m_LocalRotation.w
      value: 1
      objectReference: {fileID: 0}
    - target: {fileID: 5878599885704667059, guid: 14378868b06d6894a800f0822de518e9,
        type: 3}
      propertyPath: m_LocalRotation.x
      value: -0
      objectReference: {fileID: 0}
    - target: {fileID: 5878599885704667059, guid: 14378868b06d6894a800f0822de518e9,
        type: 3}
      propertyPath: m_LocalRotation.y
      value: -0
      objectReference: {fileID: 0}
    - target: {fileID: 5878599885704667059, guid: 14378868b06d6894a800f0822de518e9,
        type: 3}
      propertyPath: m_LocalRotation.z
      value: -0
      objectReference: {fileID: 0}
    - target: {fileID: 5878599885704667059, guid: 14378868b06d6894a800f0822de518e9,
        type: 3}
      propertyPath: m_LocalEulerAnglesHint.x
      value: 0
      objectReference: {fileID: 0}
    - target: {fileID: 5878599885704667059, guid: 14378868b06d6894a800f0822de518e9,
        type: 3}
      propertyPath: m_LocalEulerAnglesHint.y
      value: 0
      objectReference: {fileID: 0}
    - target: {fileID: 5878599885704667059, guid: 14378868b06d6894a800f0822de518e9,
        type: 3}
      propertyPath: m_LocalEulerAnglesHint.z
      value: 0
      objectReference: {fileID: 0}
    - target: {fileID: 5878599885704667068, guid: 14378868b06d6894a800f0822de518e9,
        type: 3}
      propertyPath: m_Name
      value: Obstacle (3)
      objectReference: {fileID: 0}
    m_RemovedComponents: []
  m_SourcePrefab: {fileID: 100100000, guid: 14378868b06d6894a800f0822de518e9, type: 3}
--- !u!1 &81185027
GameObject:
  m_ObjectHideFlags: 0
  m_CorrespondingSourceObject: {fileID: 0}
  m_PrefabInstance: {fileID: 0}
  m_PrefabAsset: {fileID: 0}
  serializedVersion: 6
  m_Component:
  - component: {fileID: 81185028}
  m_Layer: 0
  m_Name: LevelObjects
  m_TagString: Untagged
  m_Icon: {fileID: 0}
  m_NavMeshLayer: 0
  m_StaticEditorFlags: 0
  m_IsActive: 1
--- !u!4 &81185028
Transform:
  m_ObjectHideFlags: 0
  m_CorrespondingSourceObject: {fileID: 0}
  m_PrefabInstance: {fileID: 0}
  m_PrefabAsset: {fileID: 0}
  m_GameObject: {fileID: 81185027}
  m_LocalRotation: {x: 0, y: 0, z: 0, w: 1}
  m_LocalPosition: {x: 0, y: 0, z: 0}
  m_LocalScale: {x: 1, y: 1, z: 1}
  m_Children:
  - {fileID: 1989396016}
  - {fileID: 142599619}
  - {fileID: 609714493}
  - {fileID: 1712050995}
  - {fileID: 1004555154}
  - {fileID: 1630984754}
  - {fileID: 867203597}
  m_Father: {fileID: 0}
  m_RootOrder: 4
  m_LocalEulerAnglesHint: {x: 0, y: 0, z: 0}
--- !u!4 &97894253 stripped
Transform:
  m_CorrespondingSourceObject: {fileID: 5878599885704667059, guid: 14378868b06d6894a800f0822de518e9,
    type: 3}
  m_PrefabInstance: {fileID: 1178353232}
  m_PrefabAsset: {fileID: 0}
--- !u!1001 &134852851
PrefabInstance:
  m_ObjectHideFlags: 0
  serializedVersion: 2
  m_Modification:
    m_TransformParent: {fileID: 0}
    m_Modifications:
    - target: {fileID: 962825149529644804, guid: 650a173050a34bd45b7aeb96bc3d013c,
        type: 3}
      propertyPath: m_LocalPosition.y
      value: 1
      objectReference: {fileID: 0}
    - target: {fileID: 2572899783855691985, guid: 650a173050a34bd45b7aeb96bc3d013c,
        type: 3}
      propertyPath: m_LocalPosition.x
      value: -18.08
      objectReference: {fileID: 0}
    - target: {fileID: 2572899783855691985, guid: 650a173050a34bd45b7aeb96bc3d013c,
        type: 3}
      propertyPath: m_LocalPosition.y
      value: 10.05
      objectReference: {fileID: 0}
    - target: {fileID: 2572899783855691997, guid: 650a173050a34bd45b7aeb96bc3d013c,
        type: 3}
      propertyPath: _onPlayerStartedMoving.m_PersistentCalls.m_Calls.Array.size
      value: 0
      objectReference: {fileID: 0}
    - target: {fileID: 2572899783855691997, guid: 650a173050a34bd45b7aeb96bc3d013c,
        type: 3}
      propertyPath: _onPlayerStartedMoving.m_PersistentCalls.m_Calls.Array.data[0].m_Mode
      value: 1
      objectReference: {fileID: 0}
    - target: {fileID: 2572899783855691997, guid: 650a173050a34bd45b7aeb96bc3d013c,
        type: 3}
      propertyPath: _onPlayerStartedMoving.m_PersistentCalls.m_Calls.Array.data[0].m_Target
      value: 
      objectReference: {fileID: 1068185509}
    - target: {fileID: 2572899783855691997, guid: 650a173050a34bd45b7aeb96bc3d013c,
        type: 3}
      propertyPath: _onPlayerStartedMoving.m_PersistentCalls.m_Calls.Array.data[0].m_CallState
      value: 2
      objectReference: {fileID: 0}
    - target: {fileID: 2572899783855691997, guid: 650a173050a34bd45b7aeb96bc3d013c,
        type: 3}
      propertyPath: _onPlayerStartedMoving.m_PersistentCalls.m_Calls.Array.data[0].m_MethodName
      value: StartMoving
      objectReference: {fileID: 0}
    - target: {fileID: 2572899783855691997, guid: 650a173050a34bd45b7aeb96bc3d013c,
        type: 3}
      propertyPath: _onPlayerStartedMoving.m_PersistentCalls.m_Calls.Array.data[0].m_Arguments.m_ObjectArgumentAssemblyTypeName
      value: UnityEngine.Object, UnityEngine
      objectReference: {fileID: 0}
    - target: {fileID: 2572899784015014196, guid: 650a173050a34bd45b7aeb96bc3d013c,
        type: 3}
      propertyPath: _levelPresetOfThisLevel
      value: 
      objectReference: {fileID: 11400000, guid: 800bb5ce8882bfa4eb03463a9c4e9692,
        type: 2}
    - target: {fileID: 2932798842782865755, guid: 650a173050a34bd45b7aeb96bc3d013c,
        type: 3}
      propertyPath: m_LocalPosition.x
      value: -47.37
      objectReference: {fileID: 0}
    - target: {fileID: 2932798842782865755, guid: 650a173050a34bd45b7aeb96bc3d013c,
        type: 3}
      propertyPath: m_LocalPosition.y
      value: 10
      objectReference: {fileID: 0}
    - target: {fileID: 5201198969087894879, guid: 650a173050a34bd45b7aeb96bc3d013c,
        type: 3}
      propertyPath: m_Materials.Array.size
      value: 1
      objectReference: {fileID: 0}
    - target: {fileID: 5201647528294460318, guid: 650a173050a34bd45b7aeb96bc3d013c,
        type: 3}
      propertyPath: m_Name
      value: LevelEssentials
      objectReference: {fileID: 0}
    - target: {fileID: 9019142853456843210, guid: 650a173050a34bd45b7aeb96bc3d013c,
        type: 3}
      propertyPath: m_RootOrder
      value: 1
      objectReference: {fileID: 0}
    - target: {fileID: 9019142853456843210, guid: 650a173050a34bd45b7aeb96bc3d013c,
        type: 3}
      propertyPath: m_LocalPosition.x
      value: -2.27
      objectReference: {fileID: 0}
    - target: {fileID: 9019142853456843210, guid: 650a173050a34bd45b7aeb96bc3d013c,
        type: 3}
      propertyPath: m_LocalPosition.y
      value: 0
      objectReference: {fileID: 0}
    - target: {fileID: 9019142853456843210, guid: 650a173050a34bd45b7aeb96bc3d013c,
        type: 3}
      propertyPath: m_LocalPosition.z
      value: -23.655233
      objectReference: {fileID: 0}
    - target: {fileID: 9019142853456843210, guid: 650a173050a34bd45b7aeb96bc3d013c,
        type: 3}
      propertyPath: m_LocalRotation.w
      value: 1
      objectReference: {fileID: 0}
    - target: {fileID: 9019142853456843210, guid: 650a173050a34bd45b7aeb96bc3d013c,
        type: 3}
      propertyPath: m_LocalRotation.x
      value: 0
      objectReference: {fileID: 0}
    - target: {fileID: 9019142853456843210, guid: 650a173050a34bd45b7aeb96bc3d013c,
        type: 3}
      propertyPath: m_LocalRotation.y
      value: 0
      objectReference: {fileID: 0}
    - target: {fileID: 9019142853456843210, guid: 650a173050a34bd45b7aeb96bc3d013c,
        type: 3}
      propertyPath: m_LocalRotation.z
      value: 0
      objectReference: {fileID: 0}
    - target: {fileID: 9019142853456843210, guid: 650a173050a34bd45b7aeb96bc3d013c,
        type: 3}
      propertyPath: m_LocalEulerAnglesHint.x
      value: 0
      objectReference: {fileID: 0}
    - target: {fileID: 9019142853456843210, guid: 650a173050a34bd45b7aeb96bc3d013c,
        type: 3}
      propertyPath: m_LocalEulerAnglesHint.y
      value: 0
      objectReference: {fileID: 0}
    - target: {fileID: 9019142853456843210, guid: 650a173050a34bd45b7aeb96bc3d013c,
        type: 3}
      propertyPath: m_LocalEulerAnglesHint.z
      value: 0
      objectReference: {fileID: 0}
    m_RemovedComponents: []
  m_SourcePrefab: {fileID: 100100000, guid: 650a173050a34bd45b7aeb96bc3d013c, type: 3}
--- !u!1001 &142599618
PrefabInstance:
  m_ObjectHideFlags: 0
  serializedVersion: 2
  m_Modification:
    m_TransformParent: {fileID: 81185028}
    m_Modifications:
    - target: {fileID: 1992632755488242778, guid: 4f559d9abd1579144a40b6b4b9281ee7,
        type: 3}
      propertyPath: m_RootOrder
      value: 1
      objectReference: {fileID: 0}
    - target: {fileID: 1992632755488242778, guid: 4f559d9abd1579144a40b6b4b9281ee7,
        type: 3}
      propertyPath: m_LocalScale.x
      value: 16.732437
      objectReference: {fileID: 0}
    - target: {fileID: 1992632755488242778, guid: 4f559d9abd1579144a40b6b4b9281ee7,
        type: 3}
      propertyPath: m_LocalScale.y
      value: 1.9798055
      objectReference: {fileID: 0}
    - target: {fileID: 1992632755488242778, guid: 4f559d9abd1579144a40b6b4b9281ee7,
        type: 3}
      propertyPath: m_LocalScale.z
      value: 1.7852143
      objectReference: {fileID: 0}
    - target: {fileID: 1992632755488242778, guid: 4f559d9abd1579144a40b6b4b9281ee7,
        type: 3}
      propertyPath: m_LocalPosition.x
      value: 17.135124
      objectReference: {fileID: 0}
    - target: {fileID: 1992632755488242778, guid: 4f559d9abd1579144a40b6b4b9281ee7,
        type: 3}
      propertyPath: m_LocalPosition.y
      value: 5.7513
      objectReference: {fileID: 0}
    - target: {fileID: 1992632755488242778, guid: 4f559d9abd1579144a40b6b4b9281ee7,
        type: 3}
      propertyPath: m_LocalPosition.z
      value: -0.10739286
      objectReference: {fileID: 0}
    - target: {fileID: 1992632755488242778, guid: 4f559d9abd1579144a40b6b4b9281ee7,
        type: 3}
      propertyPath: m_LocalRotation.w
      value: 1
      objectReference: {fileID: 0}
    - target: {fileID: 1992632755488242778, guid: 4f559d9abd1579144a40b6b4b9281ee7,
        type: 3}
      propertyPath: m_LocalRotation.x
      value: -0
      objectReference: {fileID: 0}
    - target: {fileID: 1992632755488242778, guid: 4f559d9abd1579144a40b6b4b9281ee7,
        type: 3}
      propertyPath: m_LocalRotation.y
      value: -0
      objectReference: {fileID: 0}
    - target: {fileID: 1992632755488242778, guid: 4f559d9abd1579144a40b6b4b9281ee7,
        type: 3}
      propertyPath: m_LocalRotation.z
      value: -0
      objectReference: {fileID: 0}
    - target: {fileID: 1992632755488242778, guid: 4f559d9abd1579144a40b6b4b9281ee7,
        type: 3}
      propertyPath: m_LocalEulerAnglesHint.x
      value: 0
      objectReference: {fileID: 0}
    - target: {fileID: 1992632755488242778, guid: 4f559d9abd1579144a40b6b4b9281ee7,
        type: 3}
      propertyPath: m_LocalEulerAnglesHint.y
      value: 0
      objectReference: {fileID: 0}
    - target: {fileID: 1992632755488242778, guid: 4f559d9abd1579144a40b6b4b9281ee7,
        type: 3}
      propertyPath: m_LocalEulerAnglesHint.z
      value: 0
      objectReference: {fileID: 0}
    - target: {fileID: 1992632755488242780, guid: 4f559d9abd1579144a40b6b4b9281ee7,
        type: 3}
      propertyPath: m_Materials.Array.data[0]
      value: 
      objectReference: {fileID: 2100000, guid: 4877c316b94c3a949ae024a254ea6d6e, type: 2}
    - target: {fileID: 1992632755488242782, guid: 4f559d9abd1579144a40b6b4b9281ee7,
        type: 3}
      propertyPath: m_Name
      value: Wall (15)
      objectReference: {fileID: 0}
    - target: {fileID: 1992632755488242782, guid: 4f559d9abd1579144a40b6b4b9281ee7,
        type: 3}
      propertyPath: m_IsActive
      value: 1
      objectReference: {fileID: 0}
    m_RemovedComponents: []
  m_SourcePrefab: {fileID: 100100000, guid: 4f559d9abd1579144a40b6b4b9281ee7, type: 3}
--- !u!4 &142599619 stripped
Transform:
  m_CorrespondingSourceObject: {fileID: 1992632755488242778, guid: 4f559d9abd1579144a40b6b4b9281ee7,
    type: 3}
  m_PrefabInstance: {fileID: 142599618}
  m_PrefabAsset: {fileID: 0}
--- !u!1001 &163955864
PrefabInstance:
  m_ObjectHideFlags: 0
  serializedVersion: 2
  m_Modification:
    m_TransformParent: {fileID: 0}
    m_Modifications:
    - target: {fileID: 2461487373785779137, guid: a37a0e40de106d84983c191ffc6f1d3a,
        type: 3}
      propertyPath: m_Name
      value: TestBackground
      objectReference: {fileID: 0}
    - target: {fileID: 2928122585235872218, guid: a37a0e40de106d84983c191ffc6f1d3a,
        type: 3}
      propertyPath: m_RootOrder
      value: 2
      objectReference: {fileID: 0}
    - target: {fileID: 2928122585235872218, guid: a37a0e40de106d84983c191ffc6f1d3a,
        type: 3}
      propertyPath: m_LocalPosition.x
      value: 0
      objectReference: {fileID: 0}
    - target: {fileID: 2928122585235872218, guid: a37a0e40de106d84983c191ffc6f1d3a,
        type: 3}
      propertyPath: m_LocalPosition.y
      value: 0
      objectReference: {fileID: 0}
    - target: {fileID: 2928122585235872218, guid: a37a0e40de106d84983c191ffc6f1d3a,
        type: 3}
      propertyPath: m_LocalPosition.z
      value: 0
      objectReference: {fileID: 0}
    - target: {fileID: 2928122585235872218, guid: a37a0e40de106d84983c191ffc6f1d3a,
        type: 3}
      propertyPath: m_LocalRotation.w
      value: 1
      objectReference: {fileID: 0}
    - target: {fileID: 2928122585235872218, guid: a37a0e40de106d84983c191ffc6f1d3a,
        type: 3}
      propertyPath: m_LocalRotation.x
      value: 0
      objectReference: {fileID: 0}
    - target: {fileID: 2928122585235872218, guid: a37a0e40de106d84983c191ffc6f1d3a,
        type: 3}
      propertyPath: m_LocalRotation.y
      value: 0
      objectReference: {fileID: 0}
    - target: {fileID: 2928122585235872218, guid: a37a0e40de106d84983c191ffc6f1d3a,
        type: 3}
      propertyPath: m_LocalRotation.z
      value: 0
      objectReference: {fileID: 0}
    - target: {fileID: 2928122585235872218, guid: a37a0e40de106d84983c191ffc6f1d3a,
        type: 3}
      propertyPath: m_LocalEulerAnglesHint.x
      value: 0
      objectReference: {fileID: 0}
    - target: {fileID: 2928122585235872218, guid: a37a0e40de106d84983c191ffc6f1d3a,
        type: 3}
      propertyPath: m_LocalEulerAnglesHint.y
      value: 0
      objectReference: {fileID: 0}
    - target: {fileID: 2928122585235872218, guid: a37a0e40de106d84983c191ffc6f1d3a,
        type: 3}
      propertyPath: m_LocalEulerAnglesHint.z
      value: 0
      objectReference: {fileID: 0}
    m_RemovedComponents: []
  m_SourcePrefab: {fileID: 100100000, guid: a37a0e40de106d84983c191ffc6f1d3a, type: 3}
--- !u!1001 &609714492
PrefabInstance:
  m_ObjectHideFlags: 0
  serializedVersion: 2
  m_Modification:
    m_TransformParent: {fileID: 81185028}
    m_Modifications:
    - target: {fileID: 1992632755488242778, guid: 4f559d9abd1579144a40b6b4b9281ee7,
        type: 3}
      propertyPath: m_RootOrder
      value: 2
      objectReference: {fileID: 0}
    - target: {fileID: 1992632755488242778, guid: 4f559d9abd1579144a40b6b4b9281ee7,
        type: 3}
      propertyPath: m_LocalScale.x
      value: 16.431189
      objectReference: {fileID: 0}
    - target: {fileID: 1992632755488242778, guid: 4f559d9abd1579144a40b6b4b9281ee7,
        type: 3}
      propertyPath: m_LocalScale.y
      value: 1.19503
      objectReference: {fileID: 0}
    - target: {fileID: 1992632755488242778, guid: 4f559d9abd1579144a40b6b4b9281ee7,
        type: 3}
      propertyPath: m_LocalPosition.x
      value: 0.5533123
      objectReference: {fileID: 0}
    - target: {fileID: 1992632755488242778, guid: 4f559d9abd1579144a40b6b4b9281ee7,
        type: 3}
      propertyPath: m_LocalPosition.y
      value: 7.33867
      objectReference: {fileID: 0}
    - target: {fileID: 1992632755488242778, guid: 4f559d9abd1579144a40b6b4b9281ee7,
        type: 3}
      propertyPath: m_LocalPosition.z
      value: 0
      objectReference: {fileID: 0}
    - target: {fileID: 1992632755488242778, guid: 4f559d9abd1579144a40b6b4b9281ee7,
        type: 3}
      propertyPath: m_LocalRotation.w
      value: 1
      objectReference: {fileID: 0}
    - target: {fileID: 1992632755488242778, guid: 4f559d9abd1579144a40b6b4b9281ee7,
        type: 3}
      propertyPath: m_LocalRotation.x
      value: -0
      objectReference: {fileID: 0}
    - target: {fileID: 1992632755488242778, guid: 4f559d9abd1579144a40b6b4b9281ee7,
        type: 3}
      propertyPath: m_LocalRotation.y
      value: -0
      objectReference: {fileID: 0}
    - target: {fileID: 1992632755488242778, guid: 4f559d9abd1579144a40b6b4b9281ee7,
        type: 3}
      propertyPath: m_LocalRotation.z
      value: -0
      objectReference: {fileID: 0}
    - target: {fileID: 1992632755488242778, guid: 4f559d9abd1579144a40b6b4b9281ee7,
        type: 3}
      propertyPath: m_LocalEulerAnglesHint.x
      value: 0
      objectReference: {fileID: 0}
    - target: {fileID: 1992632755488242778, guid: 4f559d9abd1579144a40b6b4b9281ee7,
        type: 3}
      propertyPath: m_LocalEulerAnglesHint.y
      value: 0
      objectReference: {fileID: 0}
    - target: {fileID: 1992632755488242778, guid: 4f559d9abd1579144a40b6b4b9281ee7,
        type: 3}
      propertyPath: m_LocalEulerAnglesHint.z
      value: 0
      objectReference: {fileID: 0}
    - target: {fileID: 1992632755488242780, guid: 4f559d9abd1579144a40b6b4b9281ee7,
        type: 3}
      propertyPath: m_Materials.Array.data[0]
      value: 
      objectReference: {fileID: 2100000, guid: 4877c316b94c3a949ae024a254ea6d6e, type: 2}
    - target: {fileID: 1992632755488242782, guid: 4f559d9abd1579144a40b6b4b9281ee7,
        type: 3}
      propertyPath: m_Name
      value: Wall (1)
      objectReference: {fileID: 0}
    - target: {fileID: 1992632755488242782, guid: 4f559d9abd1579144a40b6b4b9281ee7,
        type: 3}
      propertyPath: m_IsActive
      value: 1
      objectReference: {fileID: 0}
    m_RemovedComponents: []
  m_SourcePrefab: {fileID: 100100000, guid: 4f559d9abd1579144a40b6b4b9281ee7, type: 3}
--- !u!4 &609714493 stripped
Transform:
  m_CorrespondingSourceObject: {fileID: 1992632755488242778, guid: 4f559d9abd1579144a40b6b4b9281ee7,
    type: 3}
  m_PrefabInstance: {fileID: 609714492}
  m_PrefabAsset: {fileID: 0}
--- !u!4 &638972310 stripped
Transform:
  m_CorrespondingSourceObject: {fileID: 5878599885704667059, guid: 14378868b06d6894a800f0822de518e9,
    type: 3}
  m_PrefabInstance: {fileID: 71451035}
  m_PrefabAsset: {fileID: 0}
--- !u!1 &684316281
GameObject:
  m_ObjectHideFlags: 0
  m_CorrespondingSourceObject: {fileID: 0}
  m_PrefabInstance: {fileID: 0}
  m_PrefabAsset: {fileID: 0}
  serializedVersion: 6
  m_Component:
  - component: {fileID: 684316283}
  - component: {fileID: 684316282}
  m_Layer: 0
  m_Name: Directional Light
  m_TagString: Untagged
  m_Icon: {fileID: 0}
  m_NavMeshLayer: 0
  m_StaticEditorFlags: 0
  m_IsActive: 1
--- !u!108 &684316282
Light:
  m_ObjectHideFlags: 0
  m_CorrespondingSourceObject: {fileID: 0}
  m_PrefabInstance: {fileID: 0}
  m_PrefabAsset: {fileID: 0}
  m_GameObject: {fileID: 684316281}
  m_Enabled: 1
  serializedVersion: 10
  m_Type: 1
  m_Shape: 0
  m_Color: {r: 1, g: 0.95686275, b: 0.8392157, a: 1}
  m_Intensity: 1
  m_Range: 10
  m_SpotAngle: 30
  m_InnerSpotAngle: 21.80208
  m_CookieSize: 10
  m_Shadows:
    m_Type: 2
    m_Resolution: -1
    m_CustomResolution: -1
    m_Strength: 1
    m_Bias: 0.05
    m_NormalBias: 0.4
    m_NearPlane: 0.2
    m_CullingMatrixOverride:
      e00: 1
      e01: 0
      e02: 0
      e03: 0
      e10: 0
      e11: 1
      e12: 0
      e13: 0
      e20: 0
      e21: 0
      e22: 1
      e23: 0
      e30: 0
      e31: 0
      e32: 0
      e33: 1
    m_UseCullingMatrixOverride: 0
  m_Cookie: {fileID: 0}
  m_DrawHalo: 0
  m_Flare: {fileID: 0}
  m_RenderMode: 0
  m_CullingMask:
    serializedVersion: 2
    m_Bits: 4294967295
  m_RenderingLayerMask: 1
  m_Lightmapping: 4
  m_LightShadowCasterMode: 0
  m_AreaSize: {x: 1, y: 1}
  m_BounceIntensity: 1
  m_ColorTemperature: 6570
  m_UseColorTemperature: 0
  m_BoundingSphereOverride: {x: 0, y: 0, z: 0, w: 0}
  m_UseBoundingSphereOverride: 0
  m_UseViewFrustumForShadowCasterCull: 1
  m_ShadowRadius: 0
  m_ShadowAngle: 0
--- !u!4 &684316283
Transform:
  m_ObjectHideFlags: 0
  m_CorrespondingSourceObject: {fileID: 0}
  m_PrefabInstance: {fileID: 0}
  m_PrefabAsset: {fileID: 0}
  m_GameObject: {fileID: 684316281}
  m_LocalRotation: {x: 0.40821788, y: -0.23456968, z: 0.10938163, w: 0.8754261}
  m_LocalPosition: {x: 0, y: 3, z: 0}
  m_LocalScale: {x: 1, y: 1, z: 1}
  m_Children: []
  m_Father: {fileID: 0}
  m_RootOrder: 0
  m_LocalEulerAnglesHint: {x: 50, y: -30, z: 0}
--- !u!1001 &796758853
PrefabInstance:
  m_ObjectHideFlags: 0
  serializedVersion: 2
  m_Modification:
    m_TransformParent: {fileID: 1169353444}
    m_Modifications:
    - target: {fileID: 5878599885704667059, guid: 14378868b06d6894a800f0822de518e9,
        type: 3}
      propertyPath: m_RootOrder
      value: 8
      objectReference: {fileID: 0}
    - target: {fileID: 5878599885704667059, guid: 14378868b06d6894a800f0822de518e9,
        type: 3}
      propertyPath: m_LocalScale.y
      value: 1
      objectReference: {fileID: 0}
    - target: {fileID: 5878599885704667059, guid: 14378868b06d6894a800f0822de518e9,
        type: 3}
      propertyPath: m_LocalScale.z
      value: 2
      objectReference: {fileID: 0}
    - target: {fileID: 5878599885704667059, guid: 14378868b06d6894a800f0822de518e9,
        type: 3}
      propertyPath: m_LocalPosition.x
      value: 0.55
      objectReference: {fileID: 0}
    - target: {fileID: 5878599885704667059, guid: 14378868b06d6894a800f0822de518e9,
        type: 3}
      propertyPath: m_LocalPosition.y
      value: 8.436185
      objectReference: {fileID: 0}
    - target: {fileID: 5878599885704667059, guid: 14378868b06d6894a800f0822de518e9,
        type: 3}
      propertyPath: m_LocalPosition.z
      value: 0
      objectReference: {fileID: 0}
    - target: {fileID: 5878599885704667059, guid: 14378868b06d6894a800f0822de518e9,
        type: 3}
      propertyPath: m_LocalRotation.w
      value: 1
      objectReference: {fileID: 0}
    - target: {fileID: 5878599885704667059, guid: 14378868b06d6894a800f0822de518e9,
        type: 3}
      propertyPath: m_LocalRotation.x
      value: -0
      objectReference: {fileID: 0}
    - target: {fileID: 5878599885704667059, guid: 14378868b06d6894a800f0822de518e9,
        type: 3}
      propertyPath: m_LocalRotation.y
      value: -0
      objectReference: {fileID: 0}
    - target: {fileID: 5878599885704667059, guid: 14378868b06d6894a800f0822de518e9,
        type: 3}
      propertyPath: m_LocalRotation.z
      value: -0
      objectReference: {fileID: 0}
    - target: {fileID: 5878599885704667059, guid: 14378868b06d6894a800f0822de518e9,
        type: 3}
      propertyPath: m_LocalEulerAnglesHint.x
      value: 0
      objectReference: {fileID: 0}
    - target: {fileID: 5878599885704667059, guid: 14378868b06d6894a800f0822de518e9,
        type: 3}
      propertyPath: m_LocalEulerAnglesHint.y
      value: 0
      objectReference: {fileID: 0}
    - target: {fileID: 5878599885704667059, guid: 14378868b06d6894a800f0822de518e9,
        type: 3}
      propertyPath: m_LocalEulerAnglesHint.z
      value: 0
      objectReference: {fileID: 0}
    - target: {fileID: 5878599885704667068, guid: 14378868b06d6894a800f0822de518e9,
        type: 3}
      propertyPath: m_Name
      value: Obstacle (7)
      objectReference: {fileID: 0}
    m_RemovedComponents: []
  m_SourcePrefab: {fileID: 100100000, guid: 14378868b06d6894a800f0822de518e9, type: 3}
--- !u!4 &867203597 stripped
Transform:
  m_CorrespondingSourceObject: {fileID: 1992632755488242778, guid: 4f559d9abd1579144a40b6b4b9281ee7,
    type: 3}
  m_PrefabInstance: {fileID: 1171287122}
  m_PrefabAsset: {fileID: 0}
--- !u!1 &954180492
GameObject:
  m_ObjectHideFlags: 0
  m_CorrespondingSourceObject: {fileID: 0}
  m_PrefabInstance: {fileID: 0}
  m_PrefabAsset: {fileID: 0}
  serializedVersion: 6
  m_Component:
  - component: {fileID: 954180493}
  m_Layer: 8
  m_Name: TrailPoint1.1
  m_TagString: Untagged
  m_Icon: {fileID: 0}
  m_NavMeshLayer: 0
  m_StaticEditorFlags: 0
  m_IsActive: 1
--- !u!4 &954180493
Transform:
  m_ObjectHideFlags: 0
  m_CorrespondingSourceObject: {fileID: 0}
  m_PrefabInstance: {fileID: 0}
  m_PrefabAsset: {fileID: 0}
  m_GameObject: {fileID: 954180492}
  m_LocalRotation: {x: -0, y: -0, z: -0, w: 1}
  m_LocalPosition: {x: 11.057459, y: -8.421686, z: 61.015274}
  m_LocalScale: {x: 1, y: 1, z: 1}
  m_Children: []
  m_Father: {fileID: 1681029099}
  m_RootOrder: 0
  m_LocalEulerAnglesHint: {x: 0, y: 0, z: 0}
--- !u!4 &1004555154 stripped
Transform:
  m_CorrespondingSourceObject: {fileID: 1992632755488242778, guid: 4f559d9abd1579144a40b6b4b9281ee7,
    type: 3}
  m_PrefabInstance: {fileID: 1394389376}
  m_PrefabAsset: {fileID: 0}
--- !u!1001 &1021129880
PrefabInstance:
  m_ObjectHideFlags: 0
  serializedVersion: 2
  m_Modification:
    m_TransformParent: {fileID: 1169353444}
    m_Modifications:
    - target: {fileID: 7520449850048128118, guid: c6e4f725041ad354f94acb2a17028ab1,
        type: 3}
      propertyPath: m_RootOrder
      value: 9
      objectReference: {fileID: 0}
    - target: {fileID: 7520449850048128118, guid: c6e4f725041ad354f94acb2a17028ab1,
        type: 3}
      propertyPath: m_LocalScale.x
      value: 1
      objectReference: {fileID: 0}
    - target: {fileID: 7520449850048128118, guid: c6e4f725041ad354f94acb2a17028ab1,
        type: 3}
      propertyPath: m_LocalPosition.x
      value: 39.69
      objectReference: {fileID: 0}
    - target: {fileID: 7520449850048128118, guid: c6e4f725041ad354f94acb2a17028ab1,
        type: 3}
      propertyPath: m_LocalPosition.y
      value: 5.82
      objectReference: {fileID: 0}
    - target: {fileID: 7520449850048128118, guid: c6e4f725041ad354f94acb2a17028ab1,
        type: 3}
      propertyPath: m_LocalPosition.z
      value: -0.03
      objectReference: {fileID: 0}
    - target: {fileID: 7520449850048128118, guid: c6e4f725041ad354f94acb2a17028ab1,
        type: 3}
      propertyPath: m_LocalRotation.w
      value: 1
      objectReference: {fileID: 0}
    - target: {fileID: 7520449850048128118, guid: c6e4f725041ad354f94acb2a17028ab1,
        type: 3}
      propertyPath: m_LocalRotation.x
      value: -0
      objectReference: {fileID: 0}
    - target: {fileID: 7520449850048128118, guid: c6e4f725041ad354f94acb2a17028ab1,
        type: 3}
      propertyPath: m_LocalRotation.y
      value: -0
      objectReference: {fileID: 0}
    - target: {fileID: 7520449850048128118, guid: c6e4f725041ad354f94acb2a17028ab1,
        type: 3}
      propertyPath: m_LocalRotation.z
      value: -0
      objectReference: {fileID: 0}
    - target: {fileID: 7520449850048128118, guid: c6e4f725041ad354f94acb2a17028ab1,
        type: 3}
      propertyPath: m_LocalEulerAnglesHint.x
      value: 0
      objectReference: {fileID: 0}
    - target: {fileID: 7520449850048128118, guid: c6e4f725041ad354f94acb2a17028ab1,
        type: 3}
      propertyPath: m_LocalEulerAnglesHint.y
      value: 0
      objectReference: {fileID: 0}
    - target: {fileID: 7520449850048128118, guid: c6e4f725041ad354f94acb2a17028ab1,
        type: 3}
      propertyPath: m_LocalEulerAnglesHint.z
      value: 0
      objectReference: {fileID: 0}
    - target: {fileID: 7520449850048128121, guid: c6e4f725041ad354f94acb2a17028ab1,
        type: 3}
      propertyPath: m_Name
      value: GenericTrigger
      objectReference: {fileID: 0}
    - target: {fileID: 8316808172348116984, guid: c6e4f725041ad354f94acb2a17028ab1,
        type: 3}
      propertyPath: _onPlayerTrigger.m_PersistentCalls.m_Calls.Array.size
      value: 1
      objectReference: {fileID: 0}
    - target: {fileID: 8316808172348116984, guid: c6e4f725041ad354f94acb2a17028ab1,
        type: 3}
      propertyPath: _onPlayerTrigger.m_PersistentCalls.m_Calls.Array.data[0].m_Mode
      value: 1
      objectReference: {fileID: 0}
    - target: {fileID: 8316808172348116984, guid: c6e4f725041ad354f94acb2a17028ab1,
        type: 3}
      propertyPath: _onPlayerTrigger.m_PersistentCalls.m_Calls.Array.data[0].m_Target
      value: 
      objectReference: {fileID: 1068185509}
    - target: {fileID: 8316808172348116984, guid: c6e4f725041ad354f94acb2a17028ab1,
        type: 3}
      propertyPath: _onPlayerTrigger.m_PersistentCalls.m_Calls.Array.data[0].m_CallState
      value: 2
      objectReference: {fileID: 0}
    - target: {fileID: 8316808172348116984, guid: c6e4f725041ad354f94acb2a17028ab1,
        type: 3}
      propertyPath: _onPlayerTrigger.m_PersistentCalls.m_Calls.Array.data[0].m_MethodName
      value: StartMoving
      objectReference: {fileID: 0}
    - target: {fileID: 8316808172348116984, guid: c6e4f725041ad354f94acb2a17028ab1,
        type: 3}
      propertyPath: _onPlayerTrigger.m_PersistentCalls.m_Calls.Array.data[0].m_TargetAssemblyTypeName
      value: MovingWallOfDeath, Assembly-CSharp
      objectReference: {fileID: 0}
    - target: {fileID: 8316808172348116984, guid: c6e4f725041ad354f94acb2a17028ab1,
        type: 3}
      propertyPath: _onPlayerTrigger.m_PersistentCalls.m_Calls.Array.data[0].m_Arguments.m_ObjectArgumentAssemblyTypeName
      value: UnityEngine.Object, UnityEngine
      objectReference: {fileID: 0}
    m_RemovedComponents: []
  m_SourcePrefab: {fileID: 100100000, guid: c6e4f725041ad354f94acb2a17028ab1, type: 3}
--- !u!1 &1068185507 stripped
GameObject:
  m_CorrespondingSourceObject: {fileID: 7539256165176281098, guid: 60e1a99da3d9b124b9c7e88033fc0850,
    type: 3}
  m_PrefabInstance: {fileID: 1543185713}
  m_PrefabAsset: {fileID: 0}
--- !u!4 &1068185508 stripped
Transform:
  m_CorrespondingSourceObject: {fileID: 7539256165176281093, guid: 60e1a99da3d9b124b9c7e88033fc0850,
    type: 3}
  m_PrefabInstance: {fileID: 1543185713}
  m_PrefabAsset: {fileID: 0}
--- !u!114 &1068185509
MonoBehaviour:
  m_ObjectHideFlags: 0
  m_CorrespondingSourceObject: {fileID: 0}
  m_PrefabInstance: {fileID: 0}
  m_PrefabAsset: {fileID: 0}
  m_GameObject: {fileID: 1068185507}
  m_Enabled: 1
  m_EditorHideFlags: 0
  m_Script: {fileID: 11500000, guid: 5ed944f07a9287144915940a436b36c8, type: 3}
  m_Name: 
  m_EditorClassIdentifier: 
  _direction: {x: -1, y: 0, z: 0}
  _speed: 10
--- !u!1001 &1093919346
PrefabInstance:
  m_ObjectHideFlags: 0
  serializedVersion: 2
  m_Modification:
    m_TransformParent: {fileID: 1169353444}
    m_Modifications:
    - target: {fileID: 6867297054333969162, guid: 5d7c7486aa201204597addb3bc5839d3,
        type: 3}
      propertyPath: m_Name
      value: Trampoline (6)
      objectReference: {fileID: 0}
    - target: {fileID: 6867297054333969162, guid: 5d7c7486aa201204597addb3bc5839d3,
        type: 3}
      propertyPath: m_IsActive
      value: 0
      objectReference: {fileID: 0}
    - target: {fileID: 6867297054333969163, guid: 5d7c7486aa201204597addb3bc5839d3,
        type: 3}
      propertyPath: _bouncePower
      value: 12
      objectReference: {fileID: 0}
    - target: {fileID: 6867297054333969167, guid: 5d7c7486aa201204597addb3bc5839d3,
        type: 3}
      propertyPath: m_RootOrder
      value: 4
      objectReference: {fileID: 0}
    - target: {fileID: 6867297054333969167, guid: 5d7c7486aa201204597addb3bc5839d3,
        type: 3}
      propertyPath: m_LocalPosition.x
      value: 15.86
      objectReference: {fileID: 0}
    - target: {fileID: 6867297054333969167, guid: 5d7c7486aa201204597addb3bc5839d3,
        type: 3}
      propertyPath: m_LocalPosition.y
      value: 12.16
      objectReference: {fileID: 0}
    - target: {fileID: 6867297054333969167, guid: 5d7c7486aa201204597addb3bc5839d3,
        type: 3}
      propertyPath: m_LocalPosition.z
      value: 0
      objectReference: {fileID: 0}
    - target: {fileID: 6867297054333969167, guid: 5d7c7486aa201204597addb3bc5839d3,
        type: 3}
      propertyPath: m_LocalRotation.w
      value: 1
      objectReference: {fileID: 0}
    - target: {fileID: 6867297054333969167, guid: 5d7c7486aa201204597addb3bc5839d3,
        type: 3}
      propertyPath: m_LocalRotation.x
      value: -0
      objectReference: {fileID: 0}
    - target: {fileID: 6867297054333969167, guid: 5d7c7486aa201204597addb3bc5839d3,
        type: 3}
      propertyPath: m_LocalRotation.y
      value: -0
      objectReference: {fileID: 0}
    - target: {fileID: 6867297054333969167, guid: 5d7c7486aa201204597addb3bc5839d3,
        type: 3}
      propertyPath: m_LocalRotation.z
      value: -0
      objectReference: {fileID: 0}
    - target: {fileID: 6867297054333969167, guid: 5d7c7486aa201204597addb3bc5839d3,
        type: 3}
      propertyPath: m_LocalEulerAnglesHint.x
      value: 0
      objectReference: {fileID: 0}
    - target: {fileID: 6867297054333969167, guid: 5d7c7486aa201204597addb3bc5839d3,
        type: 3}
      propertyPath: m_LocalEulerAnglesHint.y
      value: 0
      objectReference: {fileID: 0}
    - target: {fileID: 6867297054333969167, guid: 5d7c7486aa201204597addb3bc5839d3,
        type: 3}
      propertyPath: m_LocalEulerAnglesHint.z
      value: 0
      objectReference: {fileID: 0}
    m_RemovedComponents: []
  m_SourcePrefab: {fileID: 100100000, guid: 5d7c7486aa201204597addb3bc5839d3, type: 3}
--- !u!1001 &1127638706
PrefabInstance:
  m_ObjectHideFlags: 0
  serializedVersion: 2
  m_Modification:
    m_TransformParent: {fileID: 1169353444}
    m_Modifications:
    - target: {fileID: 7539256165176281093, guid: 60e1a99da3d9b124b9c7e88033fc0850,
        type: 3}
      propertyPath: m_RootOrder
      value: 2
      objectReference: {fileID: 0}
    - target: {fileID: 7539256165176281093, guid: 60e1a99da3d9b124b9c7e88033fc0850,
        type: 3}
      propertyPath: m_LocalScale.x
      value: 185.13
      objectReference: {fileID: 0}
    - target: {fileID: 7539256165176281093, guid: 60e1a99da3d9b124b9c7e88033fc0850,
        type: 3}
      propertyPath: m_LocalPosition.x
      value: -10.9216
      objectReference: {fileID: 0}
    - target: {fileID: 7539256165176281093, guid: 60e1a99da3d9b124b9c7e88033fc0850,
        type: 3}
      propertyPath: m_LocalPosition.y
      value: -8.440001
      objectReference: {fileID: 0}
    - target: {fileID: 7539256165176281093, guid: 60e1a99da3d9b124b9c7e88033fc0850,
        type: 3}
      propertyPath: m_LocalPosition.z
      value: 0
      objectReference: {fileID: 0}
    - target: {fileID: 7539256165176281093, guid: 60e1a99da3d9b124b9c7e88033fc0850,
        type: 3}
      propertyPath: m_LocalRotation.w
      value: 1
      objectReference: {fileID: 0}
    - target: {fileID: 7539256165176281093, guid: 60e1a99da3d9b124b9c7e88033fc0850,
        type: 3}
      propertyPath: m_LocalRotation.x
      value: -0
      objectReference: {fileID: 0}
    - target: {fileID: 7539256165176281093, guid: 60e1a99da3d9b124b9c7e88033fc0850,
        type: 3}
      propertyPath: m_LocalRotation.y
      value: -0
      objectReference: {fileID: 0}
    - target: {fileID: 7539256165176281093, guid: 60e1a99da3d9b124b9c7e88033fc0850,
        type: 3}
      propertyPath: m_LocalRotation.z
      value: -0
      objectReference: {fileID: 0}
    - target: {fileID: 7539256165176281093, guid: 60e1a99da3d9b124b9c7e88033fc0850,
        type: 3}
      propertyPath: m_LocalEulerAnglesHint.x
      value: 0
      objectReference: {fileID: 0}
    - target: {fileID: 7539256165176281093, guid: 60e1a99da3d9b124b9c7e88033fc0850,
        type: 3}
      propertyPath: m_LocalEulerAnglesHint.y
      value: 0
      objectReference: {fileID: 0}
    - target: {fileID: 7539256165176281093, guid: 60e1a99da3d9b124b9c7e88033fc0850,
        type: 3}
      propertyPath: m_LocalEulerAnglesHint.z
      value: 0
      objectReference: {fileID: 0}
    - target: {fileID: 7539256165176281096, guid: 60e1a99da3d9b124b9c7e88033fc0850,
        type: 3}
      propertyPath: m_Size.y
      value: 1.1
      objectReference: {fileID: 0}
    - target: {fileID: 7539256165176281098, guid: 60e1a99da3d9b124b9c7e88033fc0850,
        type: 3}
      propertyPath: m_Name
      value: BottomObstacle
      objectReference: {fileID: 0}
    m_RemovedComponents: []
  m_SourcePrefab: {fileID: 100100000, guid: 60e1a99da3d9b124b9c7e88033fc0850, type: 3}
--- !u!4 &1127638707 stripped
Transform:
  m_CorrespondingSourceObject: {fileID: 7539256165176281093, guid: 60e1a99da3d9b124b9c7e88033fc0850,
    type: 3}
  m_PrefabInstance: {fileID: 1127638706}
  m_PrefabAsset: {fileID: 0}
--- !u!1 &1169353443
GameObject:
  m_ObjectHideFlags: 0
  m_CorrespondingSourceObject: {fileID: 0}
  m_PrefabInstance: {fileID: 0}
  m_PrefabAsset: {fileID: 0}
  serializedVersion: 6
  m_Component:
  - component: {fileID: 1169353444}
  m_Layer: 0
  m_Name: ImportantObjects
  m_TagString: Untagged
  m_Icon: {fileID: 0}
  m_NavMeshLayer: 0
  m_StaticEditorFlags: 0
  m_IsActive: 1
--- !u!4 &1169353444
Transform:
  m_ObjectHideFlags: 0
  m_CorrespondingSourceObject: {fileID: 0}
  m_PrefabInstance: {fileID: 0}
  m_PrefabAsset: {fileID: 0}
  m_GameObject: {fileID: 1169353443}
  m_LocalRotation: {x: 0, y: 0, z: 0, w: 1}
  m_LocalPosition: {x: 0, y: 0, z: 0}
  m_LocalScale: {x: 1, y: 1, z: 1}
  m_Children:
  - {fileID: 1681029099}
  - {fileID: 1433981446}
  - {fileID: 1127638707}
  - {fileID: 1068185508}
  - {fileID: 1651160158}
  - {fileID: 638972310}
  - {fileID: 97894253}
  - {fileID: 1879156783}
  - {fileID: 1409364892}
  - {fileID: 1395626081}
  m_Father: {fileID: 0}
  m_RootOrder: 3
  m_LocalEulerAnglesHint: {x: 0, y: 0, z: 0}
--- !u!1001 &1171287122
PrefabInstance:
  m_ObjectHideFlags: 0
  serializedVersion: 2
  m_Modification:
    m_TransformParent: {fileID: 81185028}
    m_Modifications:
    - target: {fileID: 1992632755488242778, guid: 4f559d9abd1579144a40b6b4b9281ee7,
        type: 3}
      propertyPath: m_RootOrder
      value: 6
      objectReference: {fileID: 0}
    - target: {fileID: 1992632755488242778, guid: 4f559d9abd1579144a40b6b4b9281ee7,
        type: 3}
      propertyPath: m_LocalPosition.x
      value: 42.932533
      objectReference: {fileID: 0}
    - target: {fileID: 1992632755488242778, guid: 4f559d9abd1579144a40b6b4b9281ee7,
        type: 3}
      propertyPath: m_LocalPosition.y
      value: 6.2613945
      objectReference: {fileID: 0}
    - target: {fileID: 1992632755488242778, guid: 4f559d9abd1579144a40b6b4b9281ee7,
        type: 3}
      propertyPath: m_LocalPosition.z
      value: 0
      objectReference: {fileID: 0}
    - target: {fileID: 1992632755488242778, guid: 4f559d9abd1579144a40b6b4b9281ee7,
        type: 3}
      propertyPath: m_LocalRotation.w
      value: 1
      objectReference: {fileID: 0}
    - target: {fileID: 1992632755488242778, guid: 4f559d9abd1579144a40b6b4b9281ee7,
        type: 3}
      propertyPath: m_LocalRotation.x
      value: -0
      objectReference: {fileID: 0}
    - target: {fileID: 1992632755488242778, guid: 4f559d9abd1579144a40b6b4b9281ee7,
        type: 3}
      propertyPath: m_LocalRotation.y
      value: -0
      objectReference: {fileID: 0}
    - target: {fileID: 1992632755488242778, guid: 4f559d9abd1579144a40b6b4b9281ee7,
        type: 3}
      propertyPath: m_LocalRotation.z
      value: -0
      objectReference: {fileID: 0}
    - target: {fileID: 1992632755488242778, guid: 4f559d9abd1579144a40b6b4b9281ee7,
        type: 3}
      propertyPath: m_LocalEulerAnglesHint.x
      value: 0
      objectReference: {fileID: 0}
    - target: {fileID: 1992632755488242778, guid: 4f559d9abd1579144a40b6b4b9281ee7,
        type: 3}
      propertyPath: m_LocalEulerAnglesHint.y
      value: 0
      objectReference: {fileID: 0}
    - target: {fileID: 1992632755488242778, guid: 4f559d9abd1579144a40b6b4b9281ee7,
        type: 3}
      propertyPath: m_LocalEulerAnglesHint.z
      value: 0
      objectReference: {fileID: 0}
    - target: {fileID: 1992632755488242782, guid: 4f559d9abd1579144a40b6b4b9281ee7,
        type: 3}
      propertyPath: m_Name
      value: Wall
      objectReference: {fileID: 0}
    m_RemovedComponents: []
  m_SourcePrefab: {fileID: 100100000, guid: 4f559d9abd1579144a40b6b4b9281ee7, type: 3}
--- !u!1001 &1178353232
PrefabInstance:
  m_ObjectHideFlags: 0
  serializedVersion: 2
  m_Modification:
    m_TransformParent: {fileID: 1169353444}
    m_Modifications:
    - target: {fileID: 5878599885704667059, guid: 14378868b06d6894a800f0822de518e9,
        type: 3}
      propertyPath: m_RootOrder
      value: 6
      objectReference: {fileID: 0}
    - target: {fileID: 5878599885704667059, guid: 14378868b06d6894a800f0822de518e9,
        type: 3}
      propertyPath: m_LocalScale.y
      value: 0.6911411
      objectReference: {fileID: 0}
    - target: {fileID: 5878599885704667059, guid: 14378868b06d6894a800f0822de518e9,
        type: 3}
      propertyPath: m_LocalScale.z
      value: 2
      objectReference: {fileID: 0}
    - target: {fileID: 5878599885704667059, guid: 14378868b06d6894a800f0822de518e9,
        type: 3}
      propertyPath: m_LocalPosition.x
      value: 18.17
      objectReference: {fileID: 0}
    - target: {fileID: 5878599885704667059, guid: 14378868b06d6894a800f0822de518e9,
        type: 3}
      propertyPath: m_LocalPosition.y
      value: 7.086773
      objectReference: {fileID: 0}
    - target: {fileID: 5878599885704667059, guid: 14378868b06d6894a800f0822de518e9,
        type: 3}
      propertyPath: m_LocalPosition.z
      value: 0
      objectReference: {fileID: 0}
    - target: {fileID: 5878599885704667059, guid: 14378868b06d6894a800f0822de518e9,
        type: 3}
      propertyPath: m_LocalRotation.w
      value: 1
      objectReference: {fileID: 0}
    - target: {fileID: 5878599885704667059, guid: 14378868b06d6894a800f0822de518e9,
        type: 3}
      propertyPath: m_LocalRotation.x
      value: -0
      objectReference: {fileID: 0}
    - target: {fileID: 5878599885704667059, guid: 14378868b06d6894a800f0822de518e9,
        type: 3}
      propertyPath: m_LocalRotation.y
      value: -0
      objectReference: {fileID: 0}
    - target: {fileID: 5878599885704667059, guid: 14378868b06d6894a800f0822de518e9,
        type: 3}
      propertyPath: m_LocalRotation.z
      value: -0
      objectReference: {fileID: 0}
    - target: {fileID: 5878599885704667059, guid: 14378868b06d6894a800f0822de518e9,
        type: 3}
      propertyPath: m_LocalEulerAnglesHint.x
      value: 0
      objectReference: {fileID: 0}
    - target: {fileID: 5878599885704667059, guid: 14378868b06d6894a800f0822de518e9,
        type: 3}
      propertyPath: m_LocalEulerAnglesHint.y
      value: 0
      objectReference: {fileID: 0}
    - target: {fileID: 5878599885704667059, guid: 14378868b06d6894a800f0822de518e9,
        type: 3}
      propertyPath: m_LocalEulerAnglesHint.z
      value: 0
      objectReference: {fileID: 0}
    - target: {fileID: 5878599885704667068, guid: 14378868b06d6894a800f0822de518e9,
        type: 3}
      propertyPath: m_Name
      value: Obstacle (4)
      objectReference: {fileID: 0}
    m_RemovedComponents: []
  m_SourcePrefab: {fileID: 100100000, guid: 14378868b06d6894a800f0822de518e9, type: 3}
--- !u!1 &1293385966
GameObject:
  m_ObjectHideFlags: 0
  m_CorrespondingSourceObject: {fileID: 0}
  m_PrefabInstance: {fileID: 0}
  m_PrefabAsset: {fileID: 0}
  serializedVersion: 6
  m_Component:
  - component: {fileID: 1293385967}
  m_Layer: 8
  m_Name: TrailPoint1.2
  m_TagString: Untagged
  m_Icon: {fileID: 0}
  m_NavMeshLayer: 0
  m_StaticEditorFlags: 0
  m_IsActive: 1
--- !u!4 &1293385967
Transform:
  m_ObjectHideFlags: 0
  m_CorrespondingSourceObject: {fileID: 0}
  m_PrefabInstance: {fileID: 0}
  m_PrefabAsset: {fileID: 0}
  m_GameObject: {fileID: 1293385966}
  m_LocalRotation: {x: -0, y: -0, z: -0, w: 1}
  m_LocalPosition: {x: 20.71746, y: -8.421686, z: 61.015274}
  m_LocalScale: {x: 1, y: 1, z: 1}
  m_Children: []
  m_Father: {fileID: 1681029099}
  m_RootOrder: 1
  m_LocalEulerAnglesHint: {x: 0, y: 0, z: 0}
--- !u!1001 &1394389376
PrefabInstance:
  m_ObjectHideFlags: 0
  serializedVersion: 2
  m_Modification:
    m_TransformParent: {fileID: 81185028}
    m_Modifications:
    - target: {fileID: 1992632755488242778, guid: 4f559d9abd1579144a40b6b4b9281ee7,
        type: 3}
      propertyPath: m_RootOrder
      value: 4
      objectReference: {fileID: 0}
    - target: {fileID: 1992632755488242778, guid: 4f559d9abd1579144a40b6b4b9281ee7,
        type: 3}
      propertyPath: m_LocalScale.x
      value: 8.14494
      objectReference: {fileID: 0}
    - target: {fileID: 1992632755488242778, guid: 4f559d9abd1579144a40b6b4b9281ee7,
        type: 3}
      propertyPath: m_LocalScale.y
      value: 1.19503
      objectReference: {fileID: 0}
    - target: {fileID: 1992632755488242778, guid: 4f559d9abd1579144a40b6b4b9281ee7,
        type: 3}
      propertyPath: m_LocalPosition.x
      value: -33.647
      objectReference: {fileID: 0}
    - target: {fileID: 1992632755488242778, guid: 4f559d9abd1579144a40b6b4b9281ee7,
        type: 3}
      propertyPath: m_LocalPosition.y
      value: 8.5337
      objectReference: {fileID: 0}
    - target: {fileID: 1992632755488242778, guid: 4f559d9abd1579144a40b6b4b9281ee7,
        type: 3}
      propertyPath: m_LocalPosition.z
      value: 0
      objectReference: {fileID: 0}
    - target: {fileID: 1992632755488242778, guid: 4f559d9abd1579144a40b6b4b9281ee7,
        type: 3}
      propertyPath: m_LocalRotation.w
      value: 1
      objectReference: {fileID: 0}
    - target: {fileID: 1992632755488242778, guid: 4f559d9abd1579144a40b6b4b9281ee7,
        type: 3}
      propertyPath: m_LocalRotation.x
      value: -0
      objectReference: {fileID: 0}
    - target: {fileID: 1992632755488242778, guid: 4f559d9abd1579144a40b6b4b9281ee7,
        type: 3}
      propertyPath: m_LocalRotation.y
      value: -0
      objectReference: {fileID: 0}
    - target: {fileID: 1992632755488242778, guid: 4f559d9abd1579144a40b6b4b9281ee7,
        type: 3}
      propertyPath: m_LocalRotation.z
      value: -0
      objectReference: {fileID: 0}
    - target: {fileID: 1992632755488242778, guid: 4f559d9abd1579144a40b6b4b9281ee7,
        type: 3}
      propertyPath: m_LocalEulerAnglesHint.x
      value: 0
      objectReference: {fileID: 0}
    - target: {fileID: 1992632755488242778, guid: 4f559d9abd1579144a40b6b4b9281ee7,
        type: 3}
      propertyPath: m_LocalEulerAnglesHint.y
      value: 0
      objectReference: {fileID: 0}
    - target: {fileID: 1992632755488242778, guid: 4f559d9abd1579144a40b6b4b9281ee7,
        type: 3}
      propertyPath: m_LocalEulerAnglesHint.z
      value: 0
      objectReference: {fileID: 0}
    - target: {fileID: 1992632755488242780, guid: 4f559d9abd1579144a40b6b4b9281ee7,
        type: 3}
      propertyPath: m_Materials.Array.data[0]
      value: 
      objectReference: {fileID: 2100000, guid: 4877c316b94c3a949ae024a254ea6d6e, type: 2}
    - target: {fileID: 1992632755488242782, guid: 4f559d9abd1579144a40b6b4b9281ee7,
        type: 3}
      propertyPath: m_Name
      value: Wall (3)
      objectReference: {fileID: 0}
    - target: {fileID: 1992632755488242782, guid: 4f559d9abd1579144a40b6b4b9281ee7,
        type: 3}
      propertyPath: m_IsActive
      value: 1
      objectReference: {fileID: 0}
    m_RemovedComponents: []
  m_SourcePrefab: {fileID: 100100000, guid: 4f559d9abd1579144a40b6b4b9281ee7, type: 3}
--- !u!4 &1395626081 stripped
Transform:
  m_CorrespondingSourceObject: {fileID: 7520449850048128118, guid: c6e4f725041ad354f94acb2a17028ab1,
    type: 3}
  m_PrefabInstance: {fileID: 1021129880}
  m_PrefabAsset: {fileID: 0}
--- !u!4 &1409364892 stripped
Transform:
  m_CorrespondingSourceObject: {fileID: 5878599885704667059, guid: 14378868b06d6894a800f0822de518e9,
    type: 3}
  m_PrefabInstance: {fileID: 796758853}
  m_PrefabAsset: {fileID: 0}
--- !u!1001 &1433981445
PrefabInstance:
  m_ObjectHideFlags: 0
  serializedVersion: 2
  m_Modification:
    m_TransformParent: {fileID: 1169353444}
    m_Modifications:
    - target: {fileID: 6867297054333969162, guid: 5d7c7486aa201204597addb3bc5839d3,
        type: 3}
      propertyPath: m_Name
      value: Trampoline
      objectReference: {fileID: 0}
    - target: {fileID: 6867297054333969167, guid: 5d7c7486aa201204597addb3bc5839d3,
        type: 3}
      propertyPath: m_RootOrder
      value: 1
      objectReference: {fileID: 0}
    - target: {fileID: 6867297054333969167, guid: 5d7c7486aa201204597addb3bc5839d3,
        type: 3}
      propertyPath: m_LocalPosition.x
      value: 29.72
      objectReference: {fileID: 0}
    - target: {fileID: 6867297054333969167, guid: 5d7c7486aa201204597addb3bc5839d3,
        type: 3}
      propertyPath: m_LocalPosition.y
      value: 5.45
      objectReference: {fileID: 0}
    - target: {fileID: 6867297054333969167, guid: 5d7c7486aa201204597addb3bc5839d3,
        type: 3}
      propertyPath: m_LocalPosition.z
      value: 0.011474609
      objectReference: {fileID: 0}
    - target: {fileID: 6867297054333969167, guid: 5d7c7486aa201204597addb3bc5839d3,
        type: 3}
      propertyPath: m_LocalRotation.w
      value: 1
      objectReference: {fileID: 0}
    - target: {fileID: 6867297054333969167, guid: 5d7c7486aa201204597addb3bc5839d3,
        type: 3}
      propertyPath: m_LocalRotation.x
      value: -0
      objectReference: {fileID: 0}
    - target: {fileID: 6867297054333969167, guid: 5d7c7486aa201204597addb3bc5839d3,
        type: 3}
      propertyPath: m_LocalRotation.y
      value: -0
      objectReference: {fileID: 0}
    - target: {fileID: 6867297054333969167, guid: 5d7c7486aa201204597addb3bc5839d3,
        type: 3}
      propertyPath: m_LocalRotation.z
      value: -0
      objectReference: {fileID: 0}
    - target: {fileID: 6867297054333969167, guid: 5d7c7486aa201204597addb3bc5839d3,
        type: 3}
      propertyPath: m_LocalEulerAnglesHint.x
      value: 0
      objectReference: {fileID: 0}
    - target: {fileID: 6867297054333969167, guid: 5d7c7486aa201204597addb3bc5839d3,
        type: 3}
      propertyPath: m_LocalEulerAnglesHint.y
      value: 0
      objectReference: {fileID: 0}
    - target: {fileID: 6867297054333969167, guid: 5d7c7486aa201204597addb3bc5839d3,
        type: 3}
      propertyPath: m_LocalEulerAnglesHint.z
      value: 0
      objectReference: {fileID: 0}
    m_RemovedComponents: []
  m_SourcePrefab: {fileID: 100100000, guid: 5d7c7486aa201204597addb3bc5839d3, type: 3}
--- !u!4 &1433981446 stripped
Transform:
  m_CorrespondingSourceObject: {fileID: 6867297054333969167, guid: 5d7c7486aa201204597addb3bc5839d3,
    type: 3}
  m_PrefabInstance: {fileID: 1433981445}
  m_PrefabAsset: {fileID: 0}
--- !u!1001 &1451740068
PrefabInstance:
  m_ObjectHideFlags: 0
  serializedVersion: 2
  m_Modification:
    m_TransformParent: {fileID: 1169353444}
    m_Modifications:
    - target: {fileID: 5878599885704667059, guid: 14378868b06d6894a800f0822de518e9,
        type: 3}
      propertyPath: m_RootOrder
      value: 7
      objectReference: {fileID: 0}
    - target: {fileID: 5878599885704667059, guid: 14378868b06d6894a800f0822de518e9,
        type: 3}
      propertyPath: m_LocalScale.y
      value: 1
      objectReference: {fileID: 0}
    - target: {fileID: 5878599885704667059, guid: 14378868b06d6894a800f0822de518e9,
        type: 3}
      propertyPath: m_LocalScale.z
      value: 2
      objectReference: {fileID: 0}
    - target: {fileID: 5878599885704667059, guid: 14378868b06d6894a800f0822de518e9,
        type: 3}
      propertyPath: m_LocalPosition.x
      value: -14.65
      objectReference: {fileID: 0}
    - target: {fileID: 5878599885704667059, guid: 14378868b06d6894a800f0822de518e9,
        type: 3}
      propertyPath: m_LocalPosition.y
      value: 9.631215
      objectReference: {fileID: 0}
    - target: {fileID: 5878599885704667059, guid: 14378868b06d6894a800f0822de518e9,
        type: 3}
      propertyPath: m_LocalPosition.z
      value: 0
      objectReference: {fileID: 0}
    - target: {fileID: 5878599885704667059, guid: 14378868b06d6894a800f0822de518e9,
        type: 3}
      propertyPath: m_LocalRotation.w
      value: 1
      objectReference: {fileID: 0}
    - target: {fileID: 5878599885704667059, guid: 14378868b06d6894a800f0822de518e9,
        type: 3}
      propertyPath: m_LocalRotation.x
      value: -0
      objectReference: {fileID: 0}
    - target: {fileID: 5878599885704667059, guid: 14378868b06d6894a800f0822de518e9,
        type: 3}
      propertyPath: m_LocalRotation.y
      value: -0
      objectReference: {fileID: 0}
    - target: {fileID: 5878599885704667059, guid: 14378868b06d6894a800f0822de518e9,
        type: 3}
      propertyPath: m_LocalRotation.z
      value: -0
      objectReference: {fileID: 0}
    - target: {fileID: 5878599885704667059, guid: 14378868b06d6894a800f0822de518e9,
        type: 3}
      propertyPath: m_LocalEulerAnglesHint.x
      value: 0
      objectReference: {fileID: 0}
    - target: {fileID: 5878599885704667059, guid: 14378868b06d6894a800f0822de518e9,
        type: 3}
      propertyPath: m_LocalEulerAnglesHint.y
      value: 0
      objectReference: {fileID: 0}
    - target: {fileID: 5878599885704667059, guid: 14378868b06d6894a800f0822de518e9,
        type: 3}
      propertyPath: m_LocalEulerAnglesHint.z
      value: 0
      objectReference: {fileID: 0}
    - target: {fileID: 5878599885704667068, guid: 14378868b06d6894a800f0822de518e9,
        type: 3}
      propertyPath: m_Name
      value: Obstacle (6)
      objectReference: {fileID: 0}
    m_RemovedComponents: []
  m_SourcePrefab: {fileID: 100100000, guid: 14378868b06d6894a800f0822de518e9, type: 3}
--- !u!1001 &1543185713
PrefabInstance:
  m_ObjectHideFlags: 0
  serializedVersion: 2
  m_Modification:
    m_TransformParent: {fileID: 1169353444}
    m_Modifications:
    - target: {fileID: 7539256165176281093, guid: 60e1a99da3d9b124b9c7e88033fc0850,
        type: 3}
      propertyPath: m_RootOrder
      value: 3
      objectReference: {fileID: 0}
    - target: {fileID: 7539256165176281093, guid: 60e1a99da3d9b124b9c7e88033fc0850,
        type: 3}
      propertyPath: m_LocalScale.x
      value: 50
      objectReference: {fileID: 0}
    - target: {fileID: 7539256165176281093, guid: 60e1a99da3d9b124b9c7e88033fc0850,
        type: 3}
      propertyPath: m_LocalPosition.x
      value: 47.1
      objectReference: {fileID: 0}
    - target: {fileID: 7539256165176281093, guid: 60e1a99da3d9b124b9c7e88033fc0850,
        type: 3}
      propertyPath: m_LocalPosition.y
      value: 3.1
      objectReference: {fileID: 0}
    - target: {fileID: 7539256165176281093, guid: 60e1a99da3d9b124b9c7e88033fc0850,
        type: 3}
      propertyPath: m_LocalPosition.z
      value: 0
      objectReference: {fileID: 0}
    - target: {fileID: 7539256165176281093, guid: 60e1a99da3d9b124b9c7e88033fc0850,
        type: 3}
      propertyPath: m_LocalRotation.w
      value: 0.7071068
      objectReference: {fileID: 0}
    - target: {fileID: 7539256165176281093, guid: 60e1a99da3d9b124b9c7e88033fc0850,
        type: 3}
      propertyPath: m_LocalRotation.x
      value: 0
      objectReference: {fileID: 0}
    - target: {fileID: 7539256165176281093, guid: 60e1a99da3d9b124b9c7e88033fc0850,
        type: 3}
      propertyPath: m_LocalRotation.y
      value: 0
      objectReference: {fileID: 0}
    - target: {fileID: 7539256165176281093, guid: 60e1a99da3d9b124b9c7e88033fc0850,
        type: 3}
      propertyPath: m_LocalRotation.z
      value: 0.7071068
      objectReference: {fileID: 0}
    - target: {fileID: 7539256165176281093, guid: 60e1a99da3d9b124b9c7e88033fc0850,
        type: 3}
      propertyPath: m_LocalEulerAnglesHint.x
      value: 0
      objectReference: {fileID: 0}
    - target: {fileID: 7539256165176281093, guid: 60e1a99da3d9b124b9c7e88033fc0850,
        type: 3}
      propertyPath: m_LocalEulerAnglesHint.y
      value: 0
      objectReference: {fileID: 0}
    - target: {fileID: 7539256165176281093, guid: 60e1a99da3d9b124b9c7e88033fc0850,
        type: 3}
      propertyPath: m_LocalEulerAnglesHint.z
      value: 90
      objectReference: {fileID: 0}
    - target: {fileID: 7539256165176281096, guid: 60e1a99da3d9b124b9c7e88033fc0850,
        type: 3}
      propertyPath: m_Size.y
      value: 1.1
      objectReference: {fileID: 0}
    - target: {fileID: 7539256165176281098, guid: 60e1a99da3d9b124b9c7e88033fc0850,
        type: 3}
      propertyPath: m_Name
      value: MovingWall
      objectReference: {fileID: 0}
    m_RemovedComponents: []
  m_SourcePrefab: {fileID: 100100000, guid: 60e1a99da3d9b124b9c7e88033fc0850, type: 3}
--- !u!1001 &1630984753
PrefabInstance:
  m_ObjectHideFlags: 0
  serializedVersion: 2
  m_Modification:
    m_TransformParent: {fileID: 81185028}
    m_Modifications:
    - target: {fileID: 1992632755488242778, guid: 4f559d9abd1579144a40b6b4b9281ee7,
        type: 3}
      propertyPath: m_RootOrder
      value: 5
      objectReference: {fileID: 0}
    - target: {fileID: 1992632755488242778, guid: 4f559d9abd1579144a40b6b4b9281ee7,
        type: 3}
      propertyPath: m_LocalScale.x
      value: 8.14494
      objectReference: {fileID: 0}
    - target: {fileID: 1992632755488242778, guid: 4f559d9abd1579144a40b6b4b9281ee7,
        type: 3}
      propertyPath: m_LocalScale.y
      value: 1.19503
      objectReference: {fileID: 0}
    - target: {fileID: 1992632755488242778, guid: 4f559d9abd1579144a40b6b4b9281ee7,
        type: 3}
      propertyPath: m_LocalPosition.x
      value: -46.87
      objectReference: {fileID: 0}
    - target: {fileID: 1992632755488242778, guid: 4f559d9abd1579144a40b6b4b9281ee7,
        type: 3}
      propertyPath: m_LocalPosition.y
      value: 8.5337
      objectReference: {fileID: 0}
    - target: {fileID: 1992632755488242778, guid: 4f559d9abd1579144a40b6b4b9281ee7,
        type: 3}
      propertyPath: m_LocalPosition.z
      value: 0
      objectReference: {fileID: 0}
    - target: {fileID: 1992632755488242778, guid: 4f559d9abd1579144a40b6b4b9281ee7,
        type: 3}
      propertyPath: m_LocalRotation.w
      value: 1
      objectReference: {fileID: 0}
    - target: {fileID: 1992632755488242778, guid: 4f559d9abd1579144a40b6b4b9281ee7,
        type: 3}
      propertyPath: m_LocalRotation.x
      value: -0
      objectReference: {fileID: 0}
    - target: {fileID: 1992632755488242778, guid: 4f559d9abd1579144a40b6b4b9281ee7,
        type: 3}
      propertyPath: m_LocalRotation.y
      value: -0
      objectReference: {fileID: 0}
    - target: {fileID: 1992632755488242778, guid: 4f559d9abd1579144a40b6b4b9281ee7,
        type: 3}
      propertyPath: m_LocalRotation.z
      value: -0
      objectReference: {fileID: 0}
    - target: {fileID: 1992632755488242778, guid: 4f559d9abd1579144a40b6b4b9281ee7,
        type: 3}
      propertyPath: m_LocalEulerAnglesHint.x
      value: 0
      objectReference: {fileID: 0}
    - target: {fileID: 1992632755488242778, guid: 4f559d9abd1579144a40b6b4b9281ee7,
        type: 3}
      propertyPath: m_LocalEulerAnglesHint.y
      value: 0
      objectReference: {fileID: 0}
    - target: {fileID: 1992632755488242778, guid: 4f559d9abd1579144a40b6b4b9281ee7,
        type: 3}
      propertyPath: m_LocalEulerAnglesHint.z
      value: 0
      objectReference: {fileID: 0}
    - target: {fileID: 1992632755488242780, guid: 4f559d9abd1579144a40b6b4b9281ee7,
        type: 3}
      propertyPath: m_Materials.Array.data[0]
      value: 
      objectReference: {fileID: 2100000, guid: 4877c316b94c3a949ae024a254ea6d6e, type: 2}
    - target: {fileID: 1992632755488242782, guid: 4f559d9abd1579144a40b6b4b9281ee7,
        type: 3}
      propertyPath: m_Name
      value: Wall (4)
      objectReference: {fileID: 0}
    - target: {fileID: 1992632755488242782, guid: 4f559d9abd1579144a40b6b4b9281ee7,
        type: 3}
      propertyPath: m_IsActive
      value: 1
      objectReference: {fileID: 0}
    m_RemovedComponents: []
  m_SourcePrefab: {fileID: 100100000, guid: 4f559d9abd1579144a40b6b4b9281ee7, type: 3}
--- !u!4 &1630984754 stripped
Transform:
  m_CorrespondingSourceObject: {fileID: 1992632755488242778, guid: 4f559d9abd1579144a40b6b4b9281ee7,
    type: 3}
  m_PrefabInstance: {fileID: 1630984753}
  m_PrefabAsset: {fileID: 0}
--- !u!4 &1651160158 stripped
Transform:
  m_CorrespondingSourceObject: {fileID: 6867297054333969167, guid: 5d7c7486aa201204597addb3bc5839d3,
    type: 3}
  m_PrefabInstance: {fileID: 1093919346}
  m_PrefabAsset: {fileID: 0}
--- !u!1 &1681029098
GameObject:
  m_ObjectHideFlags: 0
  m_CorrespondingSourceObject: {fileID: 0}
  m_PrefabInstance: {fileID: 0}
  m_PrefabAsset: {fileID: 0}
  serializedVersion: 6
  m_Component:
  - component: {fileID: 1681029099}
  m_Layer: 0
  m_Name: MovingObstacleSetup
  m_TagString: Untagged
  m_Icon: {fileID: 0}
  m_NavMeshLayer: 0
  m_StaticEditorFlags: 0
  m_IsActive: 1
--- !u!4 &1681029099
Transform:
  m_ObjectHideFlags: 0
  m_CorrespondingSourceObject: {fileID: 0}
  m_PrefabInstance: {fileID: 0}
  m_PrefabAsset: {fileID: 0}
  m_GameObject: {fileID: 1681029098}
  m_LocalRotation: {x: 0, y: 0, z: 0, w: 1}
  m_LocalPosition: {x: 17.8004, y: 9.421686, z: -61.015274}
  m_LocalScale: {x: 1, y: 1, z: 1}
  m_Children:
  - {fileID: 954180493}
  - {fileID: 1293385967}
  m_Father: {fileID: 1169353444}
  m_RootOrder: 0
  m_LocalEulerAnglesHint: {x: 0, y: 0, z: 0}
--- !u!1001 &1712050994
PrefabInstance:
  m_ObjectHideFlags: 0
  serializedVersion: 2
  m_Modification:
    m_TransformParent: {fileID: 81185028}
    m_Modifications:
    - target: {fileID: 1992632755488242778, guid: 4f559d9abd1579144a40b6b4b9281ee7,
        type: 3}
      propertyPath: m_RootOrder
      value: 3
      objectReference: {fileID: 0}
    - target: {fileID: 1992632755488242778, guid: 4f559d9abd1579144a40b6b4b9281ee7,
        type: 3}
      propertyPath: m_LocalScale.x
      value: 16.431189
      objectReference: {fileID: 0}
    - target: {fileID: 1992632755488242778, guid: 4f559d9abd1579144a40b6b4b9281ee7,
        type: 3}
      propertyPath: m_LocalScale.y
      value: 1.19503
      objectReference: {fileID: 0}
    - target: {fileID: 1992632755488242778, guid: 4f559d9abd1579144a40b6b4b9281ee7,
        type: 3}
      propertyPath: m_LocalPosition.x
      value: 33.716938
      objectReference: {fileID: 0}
    - target: {fileID: 1992632755488242778, guid: 4f559d9abd1579144a40b6b4b9281ee7,
        type: 3}
      propertyPath: m_LocalPosition.y
      value: 4.1638823
      objectReference: {fileID: 0}
    - target: {fileID: 1992632755488242778, guid: 4f559d9abd1579144a40b6b4b9281ee7,
        type: 3}
      propertyPath: m_LocalPosition.z
      value: 0
      objectReference: {fileID: 0}
    - target: {fileID: 1992632755488242778, guid: 4f559d9abd1579144a40b6b4b9281ee7,
        type: 3}
      propertyPath: m_LocalRotation.w
      value: 1
      objectReference: {fileID: 0}
    - target: {fileID: 1992632755488242778, guid: 4f559d9abd1579144a40b6b4b9281ee7,
        type: 3}
      propertyPath: m_LocalRotation.x
      value: -0
      objectReference: {fileID: 0}
    - target: {fileID: 1992632755488242778, guid: 4f559d9abd1579144a40b6b4b9281ee7,
        type: 3}
      propertyPath: m_LocalRotation.y
      value: -0
      objectReference: {fileID: 0}
    - target: {fileID: 1992632755488242778, guid: 4f559d9abd1579144a40b6b4b9281ee7,
        type: 3}
      propertyPath: m_LocalRotation.z
      value: -0
      objectReference: {fileID: 0}
    - target: {fileID: 1992632755488242778, guid: 4f559d9abd1579144a40b6b4b9281ee7,
        type: 3}
      propertyPath: m_LocalEulerAnglesHint.x
      value: 0
      objectReference: {fileID: 0}
    - target: {fileID: 1992632755488242778, guid: 4f559d9abd1579144a40b6b4b9281ee7,
        type: 3}
      propertyPath: m_LocalEulerAnglesHint.y
      value: 0
      objectReference: {fileID: 0}
    - target: {fileID: 1992632755488242778, guid: 4f559d9abd1579144a40b6b4b9281ee7,
        type: 3}
      propertyPath: m_LocalEulerAnglesHint.z
      value: 0
      objectReference: {fileID: 0}
    - target: {fileID: 1992632755488242780, guid: 4f559d9abd1579144a40b6b4b9281ee7,
        type: 3}
      propertyPath: m_Materials.Array.data[0]
      value: 
      objectReference: {fileID: 2100000, guid: 4877c316b94c3a949ae024a254ea6d6e, type: 2}
    - target: {fileID: 1992632755488242782, guid: 4f559d9abd1579144a40b6b4b9281ee7,
        type: 3}
      propertyPath: m_Name
      value: Wall (2)
      objectReference: {fileID: 0}
    - target: {fileID: 1992632755488242782, guid: 4f559d9abd1579144a40b6b4b9281ee7,
        type: 3}
      propertyPath: m_IsActive
      value: 1
      objectReference: {fileID: 0}
    m_RemovedComponents: []
  m_SourcePrefab: {fileID: 100100000, guid: 4f559d9abd1579144a40b6b4b9281ee7, type: 3}
--- !u!4 &1712050995 stripped
Transform:
  m_CorrespondingSourceObject: {fileID: 1992632755488242778, guid: 4f559d9abd1579144a40b6b4b9281ee7,
    type: 3}
  m_PrefabInstance: {fileID: 1712050994}
  m_PrefabAsset: {fileID: 0}
--- !u!4 &1879156783 stripped
Transform:
  m_CorrespondingSourceObject: {fileID: 5878599885704667059, guid: 14378868b06d6894a800f0822de518e9,
    type: 3}
  m_PrefabInstance: {fileID: 1451740068}
  m_PrefabAsset: {fileID: 0}
--- !u!1001 &1989396015
PrefabInstance:
  m_ObjectHideFlags: 0
  serializedVersion: 2
  m_Modification:
    m_TransformParent: {fileID: 81185028}
    m_Modifications:
    - target: {fileID: 1992632755488242778, guid: 4f559d9abd1579144a40b6b4b9281ee7,
        type: 3}
      propertyPath: m_RootOrder
      value: 0
      objectReference: {fileID: 0}
    - target: {fileID: 1992632755488242778, guid: 4f559d9abd1579144a40b6b4b9281ee7,
        type: 3}
      propertyPath: m_LocalScale.x
      value: 16.431189
      objectReference: {fileID: 0}
    - target: {fileID: 1992632755488242778, guid: 4f559d9abd1579144a40b6b4b9281ee7,
        type: 3}
      propertyPath: m_LocalScale.y
      value: 1.19503
      objectReference: {fileID: 0}
    - target: {fileID: 1992632755488242778, guid: 4f559d9abd1579144a40b6b4b9281ee7,
        type: 3}
      propertyPath: m_LocalPosition.x
      value: -15.877876
      objectReference: {fileID: 0}
    - target: {fileID: 1992632755488242778, guid: 4f559d9abd1579144a40b6b4b9281ee7,
        type: 3}
      propertyPath: m_LocalPosition.y
      value: 8.5337
      objectReference: {fileID: 0}
    - target: {fileID: 1992632755488242778, guid: 4f559d9abd1579144a40b6b4b9281ee7,
        type: 3}
      propertyPath: m_LocalPosition.z
      value: 0
      objectReference: {fileID: 0}
    - target: {fileID: 1992632755488242778, guid: 4f559d9abd1579144a40b6b4b9281ee7,
        type: 3}
      propertyPath: m_LocalRotation.w
      value: 1
      objectReference: {fileID: 0}
    - target: {fileID: 1992632755488242778, guid: 4f559d9abd1579144a40b6b4b9281ee7,
        type: 3}
      propertyPath: m_LocalRotation.x
      value: -0
      objectReference: {fileID: 0}
    - target: {fileID: 1992632755488242778, guid: 4f559d9abd1579144a40b6b4b9281ee7,
        type: 3}
      propertyPath: m_LocalRotation.y
      value: -0
      objectReference: {fileID: 0}
    - target: {fileID: 1992632755488242778, guid: 4f559d9abd1579144a40b6b4b9281ee7,
        type: 3}
      propertyPath: m_LocalRotation.z
      value: -0
      objectReference: {fileID: 0}
    - target: {fileID: 1992632755488242778, guid: 4f559d9abd1579144a40b6b4b9281ee7,
        type: 3}
      propertyPath: m_LocalEulerAnglesHint.x
      value: 0
      objectReference: {fileID: 0}
    - target: {fileID: 1992632755488242778, guid: 4f559d9abd1579144a40b6b4b9281ee7,
        type: 3}
      propertyPath: m_LocalEulerAnglesHint.y
      value: 0
      objectReference: {fileID: 0}
    - target: {fileID: 1992632755488242778, guid: 4f559d9abd1579144a40b6b4b9281ee7,
        type: 3}
      propertyPath: m_LocalEulerAnglesHint.z
      value: 0
      objectReference: {fileID: 0}
    - target: {fileID: 1992632755488242780, guid: 4f559d9abd1579144a40b6b4b9281ee7,
        type: 3}
      propertyPath: m_Materials.Array.data[0]
      value: 
      objectReference: {fileID: 2100000, guid: 4877c316b94c3a949ae024a254ea6d6e, type: 2}
    - target: {fileID: 1992632755488242782, guid: 4f559d9abd1579144a40b6b4b9281ee7,
        type: 3}
      propertyPath: m_Name
      value: Wall
      objectReference: {fileID: 0}
    - target: {fileID: 1992632755488242782, guid: 4f559d9abd1579144a40b6b4b9281ee7,
        type: 3}
      propertyPath: m_IsActive
      value: 1
      objectReference: {fileID: 0}
    m_RemovedComponents: []
  m_SourcePrefab: {fileID: 100100000, guid: 4f559d9abd1579144a40b6b4b9281ee7, type: 3}
--- !u!4 &1989396016 stripped
Transform:
  m_CorrespondingSourceObject: {fileID: 1992632755488242778, guid: 4f559d9abd1579144a40b6b4b9281ee7,
    type: 3}
  m_PrefabInstance: {fileID: 1989396015}
  m_PrefabAsset: {fileID: 0}
--- !u!1 &2125543518 stripped
GameObject:
  m_CorrespondingSourceObject: {fileID: 7539256165176281098, guid: 60e1a99da3d9b124b9c7e88033fc0850,
    type: 3}
  m_PrefabInstance: {fileID: 1127638706}
  m_PrefabAsset: {fileID: 0}
--- !u!114 &2125543519
MonoBehaviour:
  m_ObjectHideFlags: 0
  m_CorrespondingSourceObject: {fileID: 0}
  m_PrefabInstance: {fileID: 0}
  m_PrefabAsset: {fileID: 0}
  m_GameObject: {fileID: 2125543518}
  m_Enabled: 0
  m_EditorHideFlags: 0
  m_Script: {fileID: 11500000, guid: 5ed944f07a9287144915940a436b36c8, type: 3}
  m_Name: 
  m_EditorClassIdentifier: 
  _direction: {x: 0, y: 1, z: 0}
  _speed: 1
