%YAML 1.1
%TAG !u! tag:unity3d.com,2011:
--- !u!29 &1
OcclusionCullingSettings:
  m_ObjectHideFlags: 0
  serializedVersion: 2
  m_OcclusionBakeSettings:
    smallestOccluder: 5
    smallestHole: 0.25
    backfaceThreshold: 100
  m_SceneGUID: 00000000000000000000000000000000
  m_OcclusionCullingData: {fileID: 0}
--- !u!104 &2
RenderSettings:
  m_ObjectHideFlags: 0
  serializedVersion: 9
  m_Fog: 0
  m_FogColor: {r: 0.5, g: 0.5, b: 0.5, a: 1}
  m_FogMode: 3
  m_FogDensity: 0.01
  m_LinearFogStart: 0
  m_LinearFogEnd: 300
  m_AmbientSkyColor: {r: 0.212, g: 0.227, b: 0.259, a: 1}
  m_AmbientEquatorColor: {r: 0.114, g: 0.125, b: 0.133, a: 1}
  m_AmbientGroundColor: {r: 0.047, g: 0.043, b: 0.035, a: 1}
  m_AmbientIntensity: 0
  m_AmbientMode: 0
  m_SubtractiveShadowColor: {r: 0.42, g: 0.478, b: 0.627, a: 1}
  m_SkyboxMaterial: {fileID: 10304, guid: 0000000000000000f000000000000000, type: 0}
  m_HaloStrength: 0.5
  m_FlareStrength: 1
  m_FlareFadeSpeed: 3
  m_HaloTexture: {fileID: 0}
  m_SpotCookie: {fileID: 10001, guid: 0000000000000000e000000000000000, type: 0}
  m_DefaultReflectionMode: 0
  m_DefaultReflectionResolution: 128
  m_ReflectionBounces: 1
  m_ReflectionIntensity: 1
  m_CustomReflection: {fileID: 0}
  m_Sun: {fileID: 0}
  m_IndirectSpecularColor: {r: 0.44657898, g: 0.4964133, b: 0.5748178, a: 1}
  m_UseRadianceAmbientProbe: 0
--- !u!157 &3
LightmapSettings:
  m_ObjectHideFlags: 0
  serializedVersion: 12
  m_GIWorkflowMode: 1
  m_GISettings:
    serializedVersion: 2
    m_BounceScale: 1
    m_IndirectOutputScale: 1
    m_AlbedoBoost: 1
    m_EnvironmentLightingMode: 0
    m_EnableBakedLightmaps: 1
    m_EnableRealtimeLightmaps: 0
  m_LightmapEditorSettings:
    serializedVersion: 12
    m_Resolution: 2
    m_BakeResolution: 40
    m_AtlasSize: 1024
    m_AO: 0
    m_AOMaxDistance: 1
    m_CompAOExponent: 1
    m_CompAOExponentDirect: 0
    m_ExtractAmbientOcclusion: 0
    m_Padding: 2
    m_LightmapParameters: {fileID: 0}
    m_LightmapsBakeMode: 1
    m_TextureCompression: 1
    m_FinalGather: 0
    m_FinalGatherFiltering: 1
    m_FinalGatherRayCount: 256
    m_ReflectionCompression: 2
    m_MixedBakeMode: 2
    m_BakeBackend: 1
    m_PVRSampling: 1
    m_PVRDirectSampleCount: 32
    m_PVRSampleCount: 512
    m_PVRBounces: 2
    m_PVREnvironmentSampleCount: 256
    m_PVREnvironmentReferencePointCount: 2048
    m_PVRFilteringMode: 1
    m_PVRDenoiserTypeDirect: 1
    m_PVRDenoiserTypeIndirect: 1
    m_PVRDenoiserTypeAO: 1
    m_PVRFilterTypeDirect: 0
    m_PVRFilterTypeIndirect: 0
    m_PVRFilterTypeAO: 0
    m_PVREnvironmentMIS: 1
    m_PVRCulling: 1
    m_PVRFilteringGaussRadiusDirect: 1
    m_PVRFilteringGaussRadiusIndirect: 5
    m_PVRFilteringGaussRadiusAO: 2
    m_PVRFilteringAtrousPositionSigmaDirect: 0.5
    m_PVRFilteringAtrousPositionSigmaIndirect: 2
    m_PVRFilteringAtrousPositionSigmaAO: 1
    m_ExportTrainingData: 0
    m_TrainingDataDestination: TrainingData
    m_LightProbeSampleCountMultiplier: 4
  m_LightingDataAsset: {fileID: 0}
  m_LightingSettings: {fileID: 0}
--- !u!196 &4
NavMeshSettings:
  serializedVersion: 2
  m_ObjectHideFlags: 0
  m_BuildSettings:
    serializedVersion: 2
    agentTypeID: 0
    agentRadius: 0.5
    agentHeight: 2
    agentSlope: 45
    agentClimb: 0.4
    ledgeDropHeight: 0
    maxJumpAcrossDistance: 0
    minRegionArea: 2
    manualCellSize: 0
    cellSize: 0.16666667
    manualTileSize: 0
    tileSize: 256
    accuratePlacement: 0
    maxJobWorkers: 0
    preserveTilesOutsideBounds: 0
    debug:
      m_Flags: 0
  m_NavMeshData: {fileID: 0}
--- !u!1001 &134852851
PrefabInstance:
  m_ObjectHideFlags: 0
  serializedVersion: 2
  m_Modification:
    m_TransformParent: {fileID: 0}
    m_Modifications:
    - target: {fileID: 38973460251570150, guid: 650a173050a34bd45b7aeb96bc3d013c,
        type: 3}
      propertyPath: _offset.y
      value: 1
      objectReference: {fileID: 0}
    - target: {fileID: 962825149529644804, guid: 650a173050a34bd45b7aeb96bc3d013c,
        type: 3}
      propertyPath: m_LocalPosition.y
      value: 1
      objectReference: {fileID: 0}
    - target: {fileID: 2572899783855691985, guid: 650a173050a34bd45b7aeb96bc3d013c,
        type: 3}
      propertyPath: m_LocalPosition.x
      value: -18.08
      objectReference: {fileID: 0}
    - target: {fileID: 2572899783855691985, guid: 650a173050a34bd45b7aeb96bc3d013c,
        type: 3}
      propertyPath: m_LocalPosition.y
      value: 1
      objectReference: {fileID: 0}
    - target: {fileID: 2572899784015014196, guid: 650a173050a34bd45b7aeb96bc3d013c,
        type: 3}
      propertyPath: _levelPresetOfThisLevel
      value: 
      objectReference: {fileID: 11400000, guid: 8e44f9619c06ec04ca47c3173b148ecf,
        type: 2}
    - target: {fileID: 2932798842782865755, guid: 650a173050a34bd45b7aeb96bc3d013c,
        type: 3}
      propertyPath: m_LocalPosition.x
      value: 81.15
      objectReference: {fileID: 0}
    - target: {fileID: 2932798842782865755, guid: 650a173050a34bd45b7aeb96bc3d013c,
        type: 3}
      propertyPath: m_LocalPosition.y
      value: 6.17
      objectReference: {fileID: 0}
    - target: {fileID: 5201647528294460318, guid: 650a173050a34bd45b7aeb96bc3d013c,
        type: 3}
      propertyPath: m_Name
      value: LevelEssentials
      objectReference: {fileID: 0}
    - target: {fileID: 9019142853456843210, guid: 650a173050a34bd45b7aeb96bc3d013c,
        type: 3}
      propertyPath: m_RootOrder
      value: 1
      objectReference: {fileID: 0}
    - target: {fileID: 9019142853456843210, guid: 650a173050a34bd45b7aeb96bc3d013c,
        type: 3}
      propertyPath: m_LocalPosition.x
      value: 3.08
      objectReference: {fileID: 0}
    - target: {fileID: 9019142853456843210, guid: 650a173050a34bd45b7aeb96bc3d013c,
        type: 3}
      propertyPath: m_LocalPosition.y
      value: 0
      objectReference: {fileID: 0}
    - target: {fileID: 9019142853456843210, guid: 650a173050a34bd45b7aeb96bc3d013c,
        type: 3}
      propertyPath: m_LocalPosition.z
      value: -23.655233
      objectReference: {fileID: 0}
    - target: {fileID: 9019142853456843210, guid: 650a173050a34bd45b7aeb96bc3d013c,
        type: 3}
      propertyPath: m_LocalRotation.w
      value: 1
      objectReference: {fileID: 0}
    - target: {fileID: 9019142853456843210, guid: 650a173050a34bd45b7aeb96bc3d013c,
        type: 3}
      propertyPath: m_LocalRotation.x
      value: 0
      objectReference: {fileID: 0}
    - target: {fileID: 9019142853456843210, guid: 650a173050a34bd45b7aeb96bc3d013c,
        type: 3}
      propertyPath: m_LocalRotation.y
      value: 0
      objectReference: {fileID: 0}
    - target: {fileID: 9019142853456843210, guid: 650a173050a34bd45b7aeb96bc3d013c,
        type: 3}
      propertyPath: m_LocalRotation.z
      value: 0
      objectReference: {fileID: 0}
    - target: {fileID: 9019142853456843210, guid: 650a173050a34bd45b7aeb96bc3d013c,
        type: 3}
      propertyPath: m_LocalEulerAnglesHint.x
      value: 0
      objectReference: {fileID: 0}
    - target: {fileID: 9019142853456843210, guid: 650a173050a34bd45b7aeb96bc3d013c,
        type: 3}
      propertyPath: m_LocalEulerAnglesHint.y
      value: 0
      objectReference: {fileID: 0}
    - target: {fileID: 9019142853456843210, guid: 650a173050a34bd45b7aeb96bc3d013c,
        type: 3}
      propertyPath: m_LocalEulerAnglesHint.z
      value: 0
      objectReference: {fileID: 0}
    m_RemovedComponents: []
  m_SourcePrefab: {fileID: 100100000, guid: 650a173050a34bd45b7aeb96bc3d013c, type: 3}
--- !u!1001 &154243341
PrefabInstance:
  m_ObjectHideFlags: 0
  serializedVersion: 2
  m_Modification:
    m_TransformParent: {fileID: 1666858265}
    m_Modifications:
    - target: {fileID: 5878599885704667059, guid: 14378868b06d6894a800f0822de518e9,
        type: 3}
      propertyPath: m_RootOrder
      value: 9
      objectReference: {fileID: 0}
    - target: {fileID: 5878599885704667059, guid: 14378868b06d6894a800f0822de518e9,
        type: 3}
      propertyPath: m_LocalScale.x
      value: 1.2838231
      objectReference: {fileID: 0}
    - target: {fileID: 5878599885704667059, guid: 14378868b06d6894a800f0822de518e9,
        type: 3}
      propertyPath: m_LocalScale.y
      value: 0.800743
      objectReference: {fileID: 0}
    - target: {fileID: 5878599885704667059, guid: 14378868b06d6894a800f0822de518e9,
        type: 3}
      propertyPath: m_LocalScale.z
      value: 2
      objectReference: {fileID: 0}
    - target: {fileID: 5878599885704667059, guid: 14378868b06d6894a800f0822de518e9,
        type: 3}
      propertyPath: m_LocalPosition.x
      value: 47.55
      objectReference: {fileID: 0}
    - target: {fileID: 5878599885704667059, guid: 14378868b06d6894a800f0822de518e9,
        type: 3}
      propertyPath: m_LocalPosition.y
      value: 0.88
      objectReference: {fileID: 0}
    - target: {fileID: 5878599885704667059, guid: 14378868b06d6894a800f0822de518e9,
        type: 3}
      propertyPath: m_LocalPosition.z
      value: 0
      objectReference: {fileID: 0}
    - target: {fileID: 5878599885704667059, guid: 14378868b06d6894a800f0822de518e9,
        type: 3}
      propertyPath: m_LocalRotation.w
      value: 1
      objectReference: {fileID: 0}
    - target: {fileID: 5878599885704667059, guid: 14378868b06d6894a800f0822de518e9,
        type: 3}
      propertyPath: m_LocalRotation.x
      value: -0
      objectReference: {fileID: 0}
    - target: {fileID: 5878599885704667059, guid: 14378868b06d6894a800f0822de518e9,
        type: 3}
      propertyPath: m_LocalRotation.y
      value: -0
      objectReference: {fileID: 0}
    - target: {fileID: 5878599885704667059, guid: 14378868b06d6894a800f0822de518e9,
        type: 3}
      propertyPath: m_LocalRotation.z
      value: -0
      objectReference: {fileID: 0}
    - target: {fileID: 5878599885704667059, guid: 14378868b06d6894a800f0822de518e9,
        type: 3}
      propertyPath: m_LocalEulerAnglesHint.x
      value: 0
      objectReference: {fileID: 0}
    - target: {fileID: 5878599885704667059, guid: 14378868b06d6894a800f0822de518e9,
        type: 3}
      propertyPath: m_LocalEulerAnglesHint.y
      value: 0
      objectReference: {fileID: 0}
    - target: {fileID: 5878599885704667059, guid: 14378868b06d6894a800f0822de518e9,
        type: 3}
      propertyPath: m_LocalEulerAnglesHint.z
      value: 0
      objectReference: {fileID: 0}
    - target: {fileID: 5878599885704667068, guid: 14378868b06d6894a800f0822de518e9,
        type: 3}
      propertyPath: m_Name
      value: Obstacle (5)
      objectReference: {fileID: 0}
    m_RemovedComponents: []
  m_SourcePrefab: {fileID: 100100000, guid: 14378868b06d6894a800f0822de518e9, type: 3}
--- !u!4 &154243342 stripped
Transform:
  m_CorrespondingSourceObject: {fileID: 5878599885704667059, guid: 14378868b06d6894a800f0822de518e9,
    type: 3}
  m_PrefabInstance: {fileID: 154243341}
  m_PrefabAsset: {fileID: 0}
--- !u!1001 &163955864
PrefabInstance:
  m_ObjectHideFlags: 0
  serializedVersion: 2
  m_Modification:
    m_TransformParent: {fileID: 0}
    m_Modifications:
    - target: {fileID: 2461487373785779137, guid: a37a0e40de106d84983c191ffc6f1d3a,
        type: 3}
      propertyPath: m_Name
      value: TestBackground
      objectReference: {fileID: 0}
    - target: {fileID: 2928122585235872218, guid: a37a0e40de106d84983c191ffc6f1d3a,
        type: 3}
      propertyPath: m_RootOrder
      value: 2
      objectReference: {fileID: 0}
    - target: {fileID: 2928122585235872218, guid: a37a0e40de106d84983c191ffc6f1d3a,
        type: 3}
      propertyPath: m_LocalPosition.x
      value: 0
      objectReference: {fileID: 0}
    - target: {fileID: 2928122585235872218, guid: a37a0e40de106d84983c191ffc6f1d3a,
        type: 3}
      propertyPath: m_LocalPosition.y
      value: 0
      objectReference: {fileID: 0}
    - target: {fileID: 2928122585235872218, guid: a37a0e40de106d84983c191ffc6f1d3a,
        type: 3}
      propertyPath: m_LocalPosition.z
      value: 0
      objectReference: {fileID: 0}
    - target: {fileID: 2928122585235872218, guid: a37a0e40de106d84983c191ffc6f1d3a,
        type: 3}
      propertyPath: m_LocalRotation.w
      value: 1
      objectReference: {fileID: 0}
    - target: {fileID: 2928122585235872218, guid: a37a0e40de106d84983c191ffc6f1d3a,
        type: 3}
      propertyPath: m_LocalRotation.x
      value: 0
      objectReference: {fileID: 0}
    - target: {fileID: 2928122585235872218, guid: a37a0e40de106d84983c191ffc6f1d3a,
        type: 3}
      propertyPath: m_LocalRotation.y
      value: 0
      objectReference: {fileID: 0}
    - target: {fileID: 2928122585235872218, guid: a37a0e40de106d84983c191ffc6f1d3a,
        type: 3}
      propertyPath: m_LocalRotation.z
      value: 0
      objectReference: {fileID: 0}
    - target: {fileID: 2928122585235872218, guid: a37a0e40de106d84983c191ffc6f1d3a,
        type: 3}
      propertyPath: m_LocalEulerAnglesHint.x
      value: 0
      objectReference: {fileID: 0}
    - target: {fileID: 2928122585235872218, guid: a37a0e40de106d84983c191ffc6f1d3a,
        type: 3}
      propertyPath: m_LocalEulerAnglesHint.y
      value: 0
      objectReference: {fileID: 0}
    - target: {fileID: 2928122585235872218, guid: a37a0e40de106d84983c191ffc6f1d3a,
        type: 3}
      propertyPath: m_LocalEulerAnglesHint.z
      value: 0
      objectReference: {fileID: 0}
    m_RemovedComponents: []
  m_SourcePrefab: {fileID: 100100000, guid: a37a0e40de106d84983c191ffc6f1d3a, type: 3}
--- !u!1001 &221025800
PrefabInstance:
  m_ObjectHideFlags: 0
  serializedVersion: 2
  m_Modification:
    m_TransformParent: {fileID: 1666858265}
    m_Modifications:
    - target: {fileID: 6867297054333969162, guid: 5d7c7486aa201204597addb3bc5839d3,
        type: 3}
      propertyPath: m_Name
      value: Trampoline (1)
      objectReference: {fileID: 0}
    - target: {fileID: 6867297054333969167, guid: 5d7c7486aa201204597addb3bc5839d3,
        type: 3}
      propertyPath: m_RootOrder
      value: 1
      objectReference: {fileID: 0}
    - target: {fileID: 6867297054333969167, guid: 5d7c7486aa201204597addb3bc5839d3,
        type: 3}
      propertyPath: m_LocalPosition.x
      value: 1.8900003
      objectReference: {fileID: 0}
    - target: {fileID: 6867297054333969167, guid: 5d7c7486aa201204597addb3bc5839d3,
        type: 3}
      propertyPath: m_LocalPosition.y
      value: 1.1599998
      objectReference: {fileID: 0}
    - target: {fileID: 6867297054333969167, guid: 5d7c7486aa201204597addb3bc5839d3,
        type: 3}
      propertyPath: m_LocalPosition.z
      value: 0.011474609
      objectReference: {fileID: 0}
    - target: {fileID: 6867297054333969167, guid: 5d7c7486aa201204597addb3bc5839d3,
        type: 3}
      propertyPath: m_LocalRotation.w
      value: 1
      objectReference: {fileID: 0}
    - target: {fileID: 6867297054333969167, guid: 5d7c7486aa201204597addb3bc5839d3,
        type: 3}
      propertyPath: m_LocalRotation.x
      value: -0
      objectReference: {fileID: 0}
    - target: {fileID: 6867297054333969167, guid: 5d7c7486aa201204597addb3bc5839d3,
        type: 3}
      propertyPath: m_LocalRotation.y
      value: -0
      objectReference: {fileID: 0}
    - target: {fileID: 6867297054333969167, guid: 5d7c7486aa201204597addb3bc5839d3,
        type: 3}
      propertyPath: m_LocalRotation.z
      value: -0
      objectReference: {fileID: 0}
    - target: {fileID: 6867297054333969167, guid: 5d7c7486aa201204597addb3bc5839d3,
        type: 3}
      propertyPath: m_LocalEulerAnglesHint.x
      value: 0
      objectReference: {fileID: 0}
    - target: {fileID: 6867297054333969167, guid: 5d7c7486aa201204597addb3bc5839d3,
        type: 3}
      propertyPath: m_LocalEulerAnglesHint.y
      value: 0
      objectReference: {fileID: 0}
    - target: {fileID: 6867297054333969167, guid: 5d7c7486aa201204597addb3bc5839d3,
        type: 3}
      propertyPath: m_LocalEulerAnglesHint.z
      value: 0
      objectReference: {fileID: 0}
    m_RemovedComponents: []
  m_SourcePrefab: {fileID: 100100000, guid: 5d7c7486aa201204597addb3bc5839d3, type: 3}
--- !u!4 &221025801 stripped
Transform:
  m_CorrespondingSourceObject: {fileID: 6867297054333969167, guid: 5d7c7486aa201204597addb3bc5839d3,
    type: 3}
  m_PrefabInstance: {fileID: 221025800}
  m_PrefabAsset: {fileID: 0}
--- !u!4 &224531163 stripped
Transform:
  m_CorrespondingSourceObject: {fileID: 3937836516165855253, guid: dc880dcb5e8c77a4c84016d44131a0c4,
    type: 3}
  m_PrefabInstance: {fileID: 710289861}
  m_PrefabAsset: {fileID: 0}
--- !u!1001 &332978153
PrefabInstance:
  m_ObjectHideFlags: 0
  serializedVersion: 2
  m_Modification:
    m_TransformParent: {fileID: 1666858265}
    m_Modifications:
    - target: {fileID: 6867297054333969162, guid: 5d7c7486aa201204597addb3bc5839d3,
        type: 3}
      propertyPath: m_Name
      value: Trampoline (2)
      objectReference: {fileID: 0}
    - target: {fileID: 6867297054333969167, guid: 5d7c7486aa201204597addb3bc5839d3,
        type: 3}
      propertyPath: m_RootOrder
      value: 7
      objectReference: {fileID: 0}
    - target: {fileID: 6867297054333969167, guid: 5d7c7486aa201204597addb3bc5839d3,
        type: 3}
      propertyPath: m_LocalPosition.x
      value: 44.7819
      objectReference: {fileID: 0}
    - target: {fileID: 6867297054333969167, guid: 5d7c7486aa201204597addb3bc5839d3,
        type: 3}
      propertyPath: m_LocalPosition.y
      value: 1.1599998
      objectReference: {fileID: 0}
    - target: {fileID: 6867297054333969167, guid: 5d7c7486aa201204597addb3bc5839d3,
        type: 3}
      propertyPath: m_LocalPosition.z
      value: 0.011474609
      objectReference: {fileID: 0}
    - target: {fileID: 6867297054333969167, guid: 5d7c7486aa201204597addb3bc5839d3,
        type: 3}
      propertyPath: m_LocalRotation.w
      value: 1
      objectReference: {fileID: 0}
    - target: {fileID: 6867297054333969167, guid: 5d7c7486aa201204597addb3bc5839d3,
        type: 3}
      propertyPath: m_LocalRotation.x
      value: -0
      objectReference: {fileID: 0}
    - target: {fileID: 6867297054333969167, guid: 5d7c7486aa201204597addb3bc5839d3,
        type: 3}
      propertyPath: m_LocalRotation.y
      value: -0
      objectReference: {fileID: 0}
    - target: {fileID: 6867297054333969167, guid: 5d7c7486aa201204597addb3bc5839d3,
        type: 3}
      propertyPath: m_LocalRotation.z
      value: -0
      objectReference: {fileID: 0}
    - target: {fileID: 6867297054333969167, guid: 5d7c7486aa201204597addb3bc5839d3,
        type: 3}
      propertyPath: m_LocalEulerAnglesHint.x
      value: 0
      objectReference: {fileID: 0}
    - target: {fileID: 6867297054333969167, guid: 5d7c7486aa201204597addb3bc5839d3,
        type: 3}
      propertyPath: m_LocalEulerAnglesHint.y
      value: 0
      objectReference: {fileID: 0}
    - target: {fileID: 6867297054333969167, guid: 5d7c7486aa201204597addb3bc5839d3,
        type: 3}
      propertyPath: m_LocalEulerAnglesHint.z
      value: 0
      objectReference: {fileID: 0}
    m_RemovedComponents: []
  m_SourcePrefab: {fileID: 100100000, guid: 5d7c7486aa201204597addb3bc5839d3, type: 3}
--- !u!4 &332978154 stripped
Transform:
  m_CorrespondingSourceObject: {fileID: 6867297054333969167, guid: 5d7c7486aa201204597addb3bc5839d3,
    type: 3}
  m_PrefabInstance: {fileID: 332978153}
  m_PrefabAsset: {fileID: 0}
--- !u!1001 &377549311
PrefabInstance:
  m_ObjectHideFlags: 0
  serializedVersion: 2
  m_Modification:
    m_TransformParent: {fileID: 959967230}
    m_Modifications:
    - target: {fileID: 5620100080543012297, guid: e75ffcfad74f1d743aa076dc9a406ecc,
        type: 3}
      propertyPath: m_Name
      value: Floor
      objectReference: {fileID: 0}
    - target: {fileID: 5620100080543012299, guid: e75ffcfad74f1d743aa076dc9a406ecc,
        type: 3}
      propertyPath: m_Materials.Array.data[0]
      value: 
      objectReference: {fileID: 2100000, guid: 4877c316b94c3a949ae024a254ea6d6e, type: 2}
    - target: {fileID: 5620100080543012301, guid: e75ffcfad74f1d743aa076dc9a406ecc,
        type: 3}
      propertyPath: m_RootOrder
      value: 0
      objectReference: {fileID: 0}
    - target: {fileID: 5620100080543012301, guid: e75ffcfad74f1d743aa076dc9a406ecc,
        type: 3}
      propertyPath: m_LocalScale.x
      value: 39.010456
      objectReference: {fileID: 0}
    - target: {fileID: 5620100080543012301, guid: e75ffcfad74f1d743aa076dc9a406ecc,
        type: 3}
      propertyPath: m_LocalPosition.x
      value: -0.356
      objectReference: {fileID: 0}
    - target: {fileID: 5620100080543012301, guid: e75ffcfad74f1d743aa076dc9a406ecc,
        type: 3}
      propertyPath: m_LocalPosition.y
      value: 0
      objectReference: {fileID: 0}
    - target: {fileID: 5620100080543012301, guid: e75ffcfad74f1d743aa076dc9a406ecc,
        type: 3}
      propertyPath: m_LocalPosition.z
      value: 0
      objectReference: {fileID: 0}
    - target: {fileID: 5620100080543012301, guid: e75ffcfad74f1d743aa076dc9a406ecc,
        type: 3}
      propertyPath: m_LocalRotation.w
      value: 1
      objectReference: {fileID: 0}
    - target: {fileID: 5620100080543012301, guid: e75ffcfad74f1d743aa076dc9a406ecc,
        type: 3}
      propertyPath: m_LocalRotation.x
      value: -0
      objectReference: {fileID: 0}
    - target: {fileID: 5620100080543012301, guid: e75ffcfad74f1d743aa076dc9a406ecc,
        type: 3}
      propertyPath: m_LocalRotation.y
      value: -0
      objectReference: {fileID: 0}
    - target: {fileID: 5620100080543012301, guid: e75ffcfad74f1d743aa076dc9a406ecc,
        type: 3}
      propertyPath: m_LocalRotation.z
      value: -0
      objectReference: {fileID: 0}
    - target: {fileID: 5620100080543012301, guid: e75ffcfad74f1d743aa076dc9a406ecc,
        type: 3}
      propertyPath: m_LocalEulerAnglesHint.x
      value: 0
      objectReference: {fileID: 0}
    - target: {fileID: 5620100080543012301, guid: e75ffcfad74f1d743aa076dc9a406ecc,
        type: 3}
      propertyPath: m_LocalEulerAnglesHint.y
      value: 0
      objectReference: {fileID: 0}
    - target: {fileID: 5620100080543012301, guid: e75ffcfad74f1d743aa076dc9a406ecc,
        type: 3}
      propertyPath: m_LocalEulerAnglesHint.z
      value: 0
      objectReference: {fileID: 0}
    m_RemovedComponents: []
  m_SourcePrefab: {fileID: 100100000, guid: e75ffcfad74f1d743aa076dc9a406ecc, type: 3}
--- !u!4 &377549312 stripped
Transform:
  m_CorrespondingSourceObject: {fileID: 5620100080543012301, guid: e75ffcfad74f1d743aa076dc9a406ecc,
    type: 3}
  m_PrefabInstance: {fileID: 377549311}
  m_PrefabAsset: {fileID: 0}
--- !u!1001 &462260205
PrefabInstance:
  m_ObjectHideFlags: 0
  serializedVersion: 2
  m_Modification:
    m_TransformParent: {fileID: 1666858265}
    m_Modifications:
    - target: {fileID: 6867297054333969162, guid: 5d7c7486aa201204597addb3bc5839d3,
        type: 3}
      propertyPath: m_Name
      value: Trampoline (1)
      objectReference: {fileID: 0}
    - target: {fileID: 6867297054333969167, guid: 5d7c7486aa201204597addb3bc5839d3,
        type: 3}
      propertyPath: m_RootOrder
      value: 15
      objectReference: {fileID: 0}
    - target: {fileID: 6867297054333969167, guid: 5d7c7486aa201204597addb3bc5839d3,
        type: 3}
      propertyPath: m_LocalScale.y
      value: 0.19999999
      objectReference: {fileID: 0}
    - target: {fileID: 6867297054333969167, guid: 5d7c7486aa201204597addb3bc5839d3,
        type: 3}
      propertyPath: m_LocalPosition.x
      value: 21.39
      objectReference: {fileID: 0}
    - target: {fileID: 6867297054333969167, guid: 5d7c7486aa201204597addb3bc5839d3,
        type: 3}
      propertyPath: m_LocalPosition.y
      value: 1.1000004
      objectReference: {fileID: 0}
    - target: {fileID: 6867297054333969167, guid: 5d7c7486aa201204597addb3bc5839d3,
        type: 3}
      propertyPath: m_LocalPosition.z
      value: 0.011474609
      objectReference: {fileID: 0}
    - target: {fileID: 6867297054333969167, guid: 5d7c7486aa201204597addb3bc5839d3,
        type: 3}
      propertyPath: m_LocalRotation.w
      value: 1
      objectReference: {fileID: 0}
    - target: {fileID: 6867297054333969167, guid: 5d7c7486aa201204597addb3bc5839d3,
        type: 3}
      propertyPath: m_LocalRotation.x
      value: -0
      objectReference: {fileID: 0}
    - target: {fileID: 6867297054333969167, guid: 5d7c7486aa201204597addb3bc5839d3,
        type: 3}
      propertyPath: m_LocalRotation.y
      value: -0
      objectReference: {fileID: 0}
    - target: {fileID: 6867297054333969167, guid: 5d7c7486aa201204597addb3bc5839d3,
        type: 3}
      propertyPath: m_LocalRotation.z
      value: -0
      objectReference: {fileID: 0}
    - target: {fileID: 6867297054333969167, guid: 5d7c7486aa201204597addb3bc5839d3,
        type: 3}
      propertyPath: m_LocalEulerAnglesHint.x
      value: 0
      objectReference: {fileID: 0}
    - target: {fileID: 6867297054333969167, guid: 5d7c7486aa201204597addb3bc5839d3,
        type: 3}
      propertyPath: m_LocalEulerAnglesHint.y
      value: 0
      objectReference: {fileID: 0}
    - target: {fileID: 6867297054333969167, guid: 5d7c7486aa201204597addb3bc5839d3,
        type: 3}
      propertyPath: m_LocalEulerAnglesHint.z
      value: 0
      objectReference: {fileID: 0}
    m_RemovedComponents: []
  m_SourcePrefab: {fileID: 100100000, guid: 5d7c7486aa201204597addb3bc5839d3, type: 3}
--- !u!4 &462260206 stripped
Transform:
  m_CorrespondingSourceObject: {fileID: 6867297054333969167, guid: 5d7c7486aa201204597addb3bc5839d3,
    type: 3}
  m_PrefabInstance: {fileID: 462260205}
  m_PrefabAsset: {fileID: 0}
--- !u!1001 &666362622
PrefabInstance:
  m_ObjectHideFlags: 0
  serializedVersion: 2
  m_Modification:
    m_TransformParent: {fileID: 1666858265}
    m_Modifications:
    - target: {fileID: 5878599885704667059, guid: 14378868b06d6894a800f0822de518e9,
        type: 3}
      propertyPath: m_RootOrder
      value: 12
      objectReference: {fileID: 0}
    - target: {fileID: 5878599885704667059, guid: 14378868b06d6894a800f0822de518e9,
        type: 3}
      propertyPath: m_LocalScale.x
      value: 6.751691
      objectReference: {fileID: 0}
    - target: {fileID: 5878599885704667059, guid: 14378868b06d6894a800f0822de518e9,
        type: 3}
      propertyPath: m_LocalScale.y
      value: 1
      objectReference: {fileID: 0}
    - target: {fileID: 5878599885704667059, guid: 14378868b06d6894a800f0822de518e9,
        type: 3}
      propertyPath: m_LocalScale.z
      value: 2
      objectReference: {fileID: 0}
    - target: {fileID: 5878599885704667059, guid: 14378868b06d6894a800f0822de518e9,
        type: 3}
      propertyPath: m_LocalPosition.x
      value: 53.568
      objectReference: {fileID: 0}
    - target: {fileID: 5878599885704667059, guid: 14378868b06d6894a800f0822de518e9,
        type: 3}
      propertyPath: m_LocalPosition.y
      value: 0.97963
      objectReference: {fileID: 0}
    - target: {fileID: 5878599885704667059, guid: 14378868b06d6894a800f0822de518e9,
        type: 3}
      propertyPath: m_LocalPosition.z
      value: 0
      objectReference: {fileID: 0}
    - target: {fileID: 5878599885704667059, guid: 14378868b06d6894a800f0822de518e9,
        type: 3}
      propertyPath: m_LocalRotation.w
      value: 1
      objectReference: {fileID: 0}
    - target: {fileID: 5878599885704667059, guid: 14378868b06d6894a800f0822de518e9,
        type: 3}
      propertyPath: m_LocalRotation.x
      value: -0
      objectReference: {fileID: 0}
    - target: {fileID: 5878599885704667059, guid: 14378868b06d6894a800f0822de518e9,
        type: 3}
      propertyPath: m_LocalRotation.y
      value: -0
      objectReference: {fileID: 0}
    - target: {fileID: 5878599885704667059, guid: 14378868b06d6894a800f0822de518e9,
        type: 3}
      propertyPath: m_LocalRotation.z
      value: -0
      objectReference: {fileID: 0}
    - target: {fileID: 5878599885704667059, guid: 14378868b06d6894a800f0822de518e9,
        type: 3}
      propertyPath: m_LocalEulerAnglesHint.x
      value: 0
      objectReference: {fileID: 0}
    - target: {fileID: 5878599885704667059, guid: 14378868b06d6894a800f0822de518e9,
        type: 3}
      propertyPath: m_LocalEulerAnglesHint.y
      value: 0
      objectReference: {fileID: 0}
    - target: {fileID: 5878599885704667059, guid: 14378868b06d6894a800f0822de518e9,
        type: 3}
      propertyPath: m_LocalEulerAnglesHint.z
      value: 0
      objectReference: {fileID: 0}
    - target: {fileID: 5878599885704667068, guid: 14378868b06d6894a800f0822de518e9,
        type: 3}
      propertyPath: m_Name
      value: Obstacle (8)
      objectReference: {fileID: 0}
    - target: {fileID: 5878599885704667070, guid: 14378868b06d6894a800f0822de518e9,
        type: 3}
      propertyPath: m_Size.y
      value: 1.1
      objectReference: {fileID: 0}
    m_RemovedComponents: []
  m_SourcePrefab: {fileID: 100100000, guid: 14378868b06d6894a800f0822de518e9, type: 3}
--- !u!4 &666362623 stripped
Transform:
  m_CorrespondingSourceObject: {fileID: 5878599885704667059, guid: 14378868b06d6894a800f0822de518e9,
    type: 3}
  m_PrefabInstance: {fileID: 666362622}
  m_PrefabAsset: {fileID: 0}
--- !u!1 &666362624 stripped
GameObject:
  m_CorrespondingSourceObject: {fileID: 5878599885704667068, guid: 14378868b06d6894a800f0822de518e9,
    type: 3}
  m_PrefabInstance: {fileID: 666362622}
  m_PrefabAsset: {fileID: 0}
--- !u!65 &666362625
BoxCollider:
  m_ObjectHideFlags: 0
  m_CorrespondingSourceObject: {fileID: 0}
  m_PrefabInstance: {fileID: 0}
  m_PrefabAsset: {fileID: 0}
  m_GameObject: {fileID: 666362624}
  m_Material: {fileID: 0}
  m_IsTrigger: 0
  m_Enabled: 1
  serializedVersion: 2
  m_Size: {x: 1, y: 1, z: 1}
  m_Center: {x: 0, y: 0, z: 0}
--- !u!1 &684316281
GameObject:
  m_ObjectHideFlags: 0
  m_CorrespondingSourceObject: {fileID: 0}
  m_PrefabInstance: {fileID: 0}
  m_PrefabAsset: {fileID: 0}
  serializedVersion: 6
  m_Component:
  - component: {fileID: 684316283}
  - component: {fileID: 684316282}
  m_Layer: 0
  m_Name: Directional Light
  m_TagString: Untagged
  m_Icon: {fileID: 0}
  m_NavMeshLayer: 0
  m_StaticEditorFlags: 0
  m_IsActive: 1
--- !u!108 &684316282
Light:
  m_ObjectHideFlags: 0
  m_CorrespondingSourceObject: {fileID: 0}
  m_PrefabInstance: {fileID: 0}
  m_PrefabAsset: {fileID: 0}
  m_GameObject: {fileID: 684316281}
  m_Enabled: 1
  serializedVersion: 10
  m_Type: 1
  m_Shape: 0
  m_Color: {r: 1, g: 0.95686275, b: 0.8392157, a: 1}
  m_Intensity: 1
  m_Range: 10
  m_SpotAngle: 30
  m_InnerSpotAngle: 21.80208
  m_CookieSize: 10
  m_Shadows:
    m_Type: 2
    m_Resolution: -1
    m_CustomResolution: -1
    m_Strength: 1
    m_Bias: 0.05
    m_NormalBias: 0.4
    m_NearPlane: 0.2
    m_CullingMatrixOverride:
      e00: 1
      e01: 0
      e02: 0
      e03: 0
      e10: 0
      e11: 1
      e12: 0
      e13: 0
      e20: 0
      e21: 0
      e22: 1
      e23: 0
      e30: 0
      e31: 0
      e32: 0
      e33: 1
    m_UseCullingMatrixOverride: 0
  m_Cookie: {fileID: 0}
  m_DrawHalo: 0
  m_Flare: {fileID: 0}
  m_RenderMode: 0
  m_CullingMask:
    serializedVersion: 2
    m_Bits: 4294967295
  m_RenderingLayerMask: 1
  m_Lightmapping: 4
  m_LightShadowCasterMode: 0
  m_AreaSize: {x: 1, y: 1}
  m_BounceIntensity: 1
  m_ColorTemperature: 6570
  m_UseColorTemperature: 0
  m_BoundingSphereOverride: {x: 0, y: 0, z: 0, w: 0}
  m_UseBoundingSphereOverride: 0
  m_UseViewFrustumForShadowCasterCull: 1
  m_ShadowRadius: 0
  m_ShadowAngle: 0
--- !u!4 &684316283
Transform:
  m_ObjectHideFlags: 0
  m_CorrespondingSourceObject: {fileID: 0}
  m_PrefabInstance: {fileID: 0}
  m_PrefabAsset: {fileID: 0}
  m_GameObject: {fileID: 684316281}
  m_LocalRotation: {x: 0.40821788, y: -0.23456968, z: 0.10938163, w: 0.8754261}
  m_LocalPosition: {x: 0, y: 3, z: 0}
  m_LocalScale: {x: 1, y: 1, z: 1}
  m_Children: []
  m_Father: {fileID: 0}
  m_RootOrder: 0
  m_LocalEulerAnglesHint: {x: 50, y: -30, z: 0}
--- !u!1001 &698029172
PrefabInstance:
  m_ObjectHideFlags: 0
  serializedVersion: 2
  m_Modification:
    m_TransformParent: {fileID: 1666858265}
    m_Modifications:
    - target: {fileID: 3937836516165855248, guid: dc880dcb5e8c77a4c84016d44131a0c4,
        type: 3}
      propertyPath: m_Name
      value: Trampoline2 (1)
      objectReference: {fileID: 0}
    - target: {fileID: 3937836516165855253, guid: dc880dcb5e8c77a4c84016d44131a0c4,
        type: 3}
      propertyPath: m_RootOrder
      value: 6
      objectReference: {fileID: 0}
    - target: {fileID: 3937836516165855253, guid: dc880dcb5e8c77a4c84016d44131a0c4,
        type: 3}
      propertyPath: m_LocalPosition.x
      value: 22.99
      objectReference: {fileID: 0}
    - target: {fileID: 3937836516165855253, guid: dc880dcb5e8c77a4c84016d44131a0c4,
        type: 3}
      propertyPath: m_LocalPosition.y
      value: 1.11
      objectReference: {fileID: 0}
    - target: {fileID: 3937836516165855253, guid: dc880dcb5e8c77a4c84016d44131a0c4,
        type: 3}
      propertyPath: m_LocalPosition.z
      value: 0.011474609
      objectReference: {fileID: 0}
    - target: {fileID: 3937836516165855253, guid: dc880dcb5e8c77a4c84016d44131a0c4,
        type: 3}
      propertyPath: m_LocalRotation.w
      value: 1
      objectReference: {fileID: 0}
    - target: {fileID: 3937836516165855253, guid: dc880dcb5e8c77a4c84016d44131a0c4,
        type: 3}
      propertyPath: m_LocalRotation.x
      value: -0
      objectReference: {fileID: 0}
    - target: {fileID: 3937836516165855253, guid: dc880dcb5e8c77a4c84016d44131a0c4,
        type: 3}
      propertyPath: m_LocalRotation.y
      value: -0
      objectReference: {fileID: 0}
    - target: {fileID: 3937836516165855253, guid: dc880dcb5e8c77a4c84016d44131a0c4,
        type: 3}
      propertyPath: m_LocalRotation.z
      value: -0
      objectReference: {fileID: 0}
    - target: {fileID: 3937836516165855253, guid: dc880dcb5e8c77a4c84016d44131a0c4,
        type: 3}
      propertyPath: m_LocalEulerAnglesHint.x
      value: 0
      objectReference: {fileID: 0}
    - target: {fileID: 3937836516165855253, guid: dc880dcb5e8c77a4c84016d44131a0c4,
        type: 3}
      propertyPath: m_LocalEulerAnglesHint.y
      value: 0
      objectReference: {fileID: 0}
    - target: {fileID: 3937836516165855253, guid: dc880dcb5e8c77a4c84016d44131a0c4,
        type: 3}
      propertyPath: m_LocalEulerAnglesHint.z
      value: 0
      objectReference: {fileID: 0}
    m_RemovedComponents: []
  m_SourcePrefab: {fileID: 100100000, guid: dc880dcb5e8c77a4c84016d44131a0c4, type: 3}
--- !u!4 &698029173 stripped
Transform:
  m_CorrespondingSourceObject: {fileID: 3937836516165855253, guid: dc880dcb5e8c77a4c84016d44131a0c4,
    type: 3}
  m_PrefabInstance: {fileID: 698029172}
  m_PrefabAsset: {fileID: 0}
--- !u!1001 &710289861
PrefabInstance:
  m_ObjectHideFlags: 0
  serializedVersion: 2
  m_Modification:
    m_TransformParent: {fileID: 1666858265}
    m_Modifications:
    - target: {fileID: 3937836516165855248, guid: dc880dcb5e8c77a4c84016d44131a0c4,
        type: 3}
      propertyPath: m_Name
      value: Trampoline2 (3)
      objectReference: {fileID: 0}
    - target: {fileID: 3937836516165855253, guid: dc880dcb5e8c77a4c84016d44131a0c4,
        type: 3}
      propertyPath: m_RootOrder
      value: 13
      objectReference: {fileID: 0}
    - target: {fileID: 3937836516165855253, guid: dc880dcb5e8c77a4c84016d44131a0c4,
        type: 3}
      propertyPath: m_LocalPosition.x
      value: 79.71
      objectReference: {fileID: 0}
    - target: {fileID: 3937836516165855253, guid: dc880dcb5e8c77a4c84016d44131a0c4,
        type: 3}
      propertyPath: m_LocalPosition.y
      value: 1.11
      objectReference: {fileID: 0}
    - target: {fileID: 3937836516165855253, guid: dc880dcb5e8c77a4c84016d44131a0c4,
        type: 3}
      propertyPath: m_LocalPosition.z
      value: 0.011474609
      objectReference: {fileID: 0}
    - target: {fileID: 3937836516165855253, guid: dc880dcb5e8c77a4c84016d44131a0c4,
        type: 3}
      propertyPath: m_LocalRotation.w
      value: 1
      objectReference: {fileID: 0}
    - target: {fileID: 3937836516165855253, guid: dc880dcb5e8c77a4c84016d44131a0c4,
        type: 3}
      propertyPath: m_LocalRotation.x
      value: -0
      objectReference: {fileID: 0}
    - target: {fileID: 3937836516165855253, guid: dc880dcb5e8c77a4c84016d44131a0c4,
        type: 3}
      propertyPath: m_LocalRotation.y
      value: -0
      objectReference: {fileID: 0}
    - target: {fileID: 3937836516165855253, guid: dc880dcb5e8c77a4c84016d44131a0c4,
        type: 3}
      propertyPath: m_LocalRotation.z
      value: -0
      objectReference: {fileID: 0}
    - target: {fileID: 3937836516165855253, guid: dc880dcb5e8c77a4c84016d44131a0c4,
        type: 3}
      propertyPath: m_LocalEulerAnglesHint.x
      value: 0
      objectReference: {fileID: 0}
    - target: {fileID: 3937836516165855253, guid: dc880dcb5e8c77a4c84016d44131a0c4,
        type: 3}
      propertyPath: m_LocalEulerAnglesHint.y
      value: 0
      objectReference: {fileID: 0}
    - target: {fileID: 3937836516165855253, guid: dc880dcb5e8c77a4c84016d44131a0c4,
        type: 3}
      propertyPath: m_LocalEulerAnglesHint.z
      value: 0
      objectReference: {fileID: 0}
    m_RemovedComponents: []
  m_SourcePrefab: {fileID: 100100000, guid: dc880dcb5e8c77a4c84016d44131a0c4, type: 3}
--- !u!1001 &718914751
PrefabInstance:
  m_ObjectHideFlags: 0
  serializedVersion: 2
  m_Modification:
    m_TransformParent: {fileID: 1666858265}
    m_Modifications:
    - target: {fileID: 5878599885704667059, guid: 14378868b06d6894a800f0822de518e9,
        type: 3}
      propertyPath: m_RootOrder
      value: 5
      objectReference: {fileID: 0}
    - target: {fileID: 5878599885704667059, guid: 14378868b06d6894a800f0822de518e9,
        type: 3}
      propertyPath: m_LocalScale.x
      value: 1.2838231
      objectReference: {fileID: 0}
    - target: {fileID: 5878599885704667059, guid: 14378868b06d6894a800f0822de518e9,
        type: 3}
      propertyPath: m_LocalScale.y
      value: 0.800743
      objectReference: {fileID: 0}
    - target: {fileID: 5878599885704667059, guid: 14378868b06d6894a800f0822de518e9,
        type: 3}
      propertyPath: m_LocalScale.z
      value: 2
      objectReference: {fileID: 0}
    - target: {fileID: 5878599885704667059, guid: 14378868b06d6894a800f0822de518e9,
        type: 3}
      propertyPath: m_LocalPosition.x
      value: 4.6580887
      objectReference: {fileID: 0}
    - target: {fileID: 5878599885704667059, guid: 14378868b06d6894a800f0822de518e9,
        type: 3}
      propertyPath: m_LocalPosition.y
      value: 0.9003715
      objectReference: {fileID: 0}
    - target: {fileID: 5878599885704667059, guid: 14378868b06d6894a800f0822de518e9,
        type: 3}
      propertyPath: m_LocalPosition.z
      value: 0
      objectReference: {fileID: 0}
    - target: {fileID: 5878599885704667059, guid: 14378868b06d6894a800f0822de518e9,
        type: 3}
      propertyPath: m_LocalRotation.w
      value: 1
      objectReference: {fileID: 0}
    - target: {fileID: 5878599885704667059, guid: 14378868b06d6894a800f0822de518e9,
        type: 3}
      propertyPath: m_LocalRotation.x
      value: -0
      objectReference: {fileID: 0}
    - target: {fileID: 5878599885704667059, guid: 14378868b06d6894a800f0822de518e9,
        type: 3}
      propertyPath: m_LocalRotation.y
      value: -0
      objectReference: {fileID: 0}
    - target: {fileID: 5878599885704667059, guid: 14378868b06d6894a800f0822de518e9,
        type: 3}
      propertyPath: m_LocalRotation.z
      value: -0
      objectReference: {fileID: 0}
    - target: {fileID: 5878599885704667059, guid: 14378868b06d6894a800f0822de518e9,
        type: 3}
      propertyPath: m_LocalEulerAnglesHint.x
      value: 0
      objectReference: {fileID: 0}
    - target: {fileID: 5878599885704667059, guid: 14378868b06d6894a800f0822de518e9,
        type: 3}
      propertyPath: m_LocalEulerAnglesHint.y
      value: 0
      objectReference: {fileID: 0}
    - target: {fileID: 5878599885704667059, guid: 14378868b06d6894a800f0822de518e9,
        type: 3}
      propertyPath: m_LocalEulerAnglesHint.z
      value: 0
      objectReference: {fileID: 0}
    - target: {fileID: 5878599885704667068, guid: 14378868b06d6894a800f0822de518e9,
        type: 3}
      propertyPath: m_Name
      value: Obstacle (4)
      objectReference: {fileID: 0}
    m_RemovedComponents: []
  m_SourcePrefab: {fileID: 100100000, guid: 14378868b06d6894a800f0822de518e9, type: 3}
--- !u!4 &718914752 stripped
Transform:
  m_CorrespondingSourceObject: {fileID: 5878599885704667059, guid: 14378868b06d6894a800f0822de518e9,
    type: 3}
  m_PrefabInstance: {fileID: 718914751}
  m_PrefabAsset: {fileID: 0}
--- !u!1001 &775418162
PrefabInstance:
  m_ObjectHideFlags: 0
  serializedVersion: 2
  m_Modification:
    m_TransformParent: {fileID: 1666858265}
    m_Modifications:
    - target: {fileID: 5878599885704667059, guid: 14378868b06d6894a800f0822de518e9,
        type: 3}
      propertyPath: m_RootOrder
      value: 10
      objectReference: {fileID: 0}
    - target: {fileID: 5878599885704667059, guid: 14378868b06d6894a800f0822de518e9,
        type: 3}
      propertyPath: m_LocalScale.x
      value: 9.824336
      objectReference: {fileID: 0}
    - target: {fileID: 5878599885704667059, guid: 14378868b06d6894a800f0822de518e9,
        type: 3}
      propertyPath: m_LocalScale.y
      value: 1
      objectReference: {fileID: 0}
    - target: {fileID: 5878599885704667059, guid: 14378868b06d6894a800f0822de518e9,
        type: 3}
      propertyPath: m_LocalScale.z
      value: 2
      objectReference: {fileID: 0}
    - target: {fileID: 5878599885704667059, guid: 14378868b06d6894a800f0822de518e9,
        type: 3}
      propertyPath: m_LocalPosition.x
      value: 31.73
      objectReference: {fileID: 0}
    - target: {fileID: 5878599885704667059, guid: 14378868b06d6894a800f0822de518e9,
        type: 3}
      propertyPath: m_LocalPosition.y
      value: 5.72
      objectReference: {fileID: 0}
    - target: {fileID: 5878599885704667059, guid: 14378868b06d6894a800f0822de518e9,
        type: 3}
      propertyPath: m_LocalPosition.z
      value: 0
      objectReference: {fileID: 0}
    - target: {fileID: 5878599885704667059, guid: 14378868b06d6894a800f0822de518e9,
        type: 3}
      propertyPath: m_LocalRotation.w
      value: 1
      objectReference: {fileID: 0}
    - target: {fileID: 5878599885704667059, guid: 14378868b06d6894a800f0822de518e9,
        type: 3}
      propertyPath: m_LocalRotation.x
      value: -0
      objectReference: {fileID: 0}
    - target: {fileID: 5878599885704667059, guid: 14378868b06d6894a800f0822de518e9,
        type: 3}
      propertyPath: m_LocalRotation.y
      value: -0
      objectReference: {fileID: 0}
    - target: {fileID: 5878599885704667059, guid: 14378868b06d6894a800f0822de518e9,
        type: 3}
      propertyPath: m_LocalRotation.z
      value: -0
      objectReference: {fileID: 0}
    - target: {fileID: 5878599885704667059, guid: 14378868b06d6894a800f0822de518e9,
        type: 3}
      propertyPath: m_LocalEulerAnglesHint.x
      value: 0
      objectReference: {fileID: 0}
    - target: {fileID: 5878599885704667059, guid: 14378868b06d6894a800f0822de518e9,
        type: 3}
      propertyPath: m_LocalEulerAnglesHint.y
      value: 0
      objectReference: {fileID: 0}
    - target: {fileID: 5878599885704667059, guid: 14378868b06d6894a800f0822de518e9,
        type: 3}
      propertyPath: m_LocalEulerAnglesHint.z
      value: 0
      objectReference: {fileID: 0}
    - target: {fileID: 5878599885704667068, guid: 14378868b06d6894a800f0822de518e9,
        type: 3}
      propertyPath: m_Name
      value: Obstacle (6)
      objectReference: {fileID: 0}
    - target: {fileID: 5878599885704667070, guid: 14378868b06d6894a800f0822de518e9,
        type: 3}
      propertyPath: m_Size.y
      value: 1.1
      objectReference: {fileID: 0}
    m_RemovedComponents: []
  m_SourcePrefab: {fileID: 100100000, guid: 14378868b06d6894a800f0822de518e9, type: 3}
--- !u!4 &775418163 stripped
Transform:
  m_CorrespondingSourceObject: {fileID: 5878599885704667059, guid: 14378868b06d6894a800f0822de518e9,
    type: 3}
  m_PrefabInstance: {fileID: 775418162}
  m_PrefabAsset: {fileID: 0}
--- !u!1 &775418164 stripped
GameObject:
  m_CorrespondingSourceObject: {fileID: 5878599885704667068, guid: 14378868b06d6894a800f0822de518e9,
    type: 3}
  m_PrefabInstance: {fileID: 775418162}
  m_PrefabAsset: {fileID: 0}
--- !u!65 &775418165
BoxCollider:
  m_ObjectHideFlags: 0
  m_CorrespondingSourceObject: {fileID: 0}
  m_PrefabInstance: {fileID: 0}
  m_PrefabAsset: {fileID: 0}
  m_GameObject: {fileID: 775418164}
  m_Material: {fileID: 0}
  m_IsTrigger: 0
  m_Enabled: 1
  serializedVersion: 2
  m_Size: {x: 1, y: 1, z: 1}
  m_Center: {x: 0, y: 0, z: 0}
--- !u!1001 &951300351
PrefabInstance:
  m_ObjectHideFlags: 0
  serializedVersion: 2
  m_Modification:
    m_TransformParent: {fileID: 1666858265}
    m_Modifications:
    - target: {fileID: 5878599885704667059, guid: 14378868b06d6894a800f0822de518e9,
        type: 3}
      propertyPath: m_RootOrder
      value: 16
      objectReference: {fileID: 0}
    - target: {fileID: 5878599885704667059, guid: 14378868b06d6894a800f0822de518e9,
        type: 3}
      propertyPath: m_LocalScale.y
      value: 3.9084163
      objectReference: {fileID: 0}
    - target: {fileID: 5878599885704667059, guid: 14378868b06d6894a800f0822de518e9,
        type: 3}
      propertyPath: m_LocalScale.z
      value: 2
      objectReference: {fileID: 0}
    - target: {fileID: 5878599885704667059, guid: 14378868b06d6894a800f0822de518e9,
        type: 3}
      propertyPath: m_LocalPosition.x
      value: 26.36
      objectReference: {fileID: 0}
    - target: {fileID: 5878599885704667059, guid: 14378868b06d6894a800f0822de518e9,
        type: 3}
      propertyPath: m_LocalPosition.y
      value: 6.734
      objectReference: {fileID: 0}
    - target: {fileID: 5878599885704667059, guid: 14378868b06d6894a800f0822de518e9,
        type: 3}
      propertyPath: m_LocalPosition.z
      value: 0
      objectReference: {fileID: 0}
    - target: {fileID: 5878599885704667059, guid: 14378868b06d6894a800f0822de518e9,
        type: 3}
      propertyPath: m_LocalRotation.w
      value: 1
      objectReference: {fileID: 0}
    - target: {fileID: 5878599885704667059, guid: 14378868b06d6894a800f0822de518e9,
        type: 3}
      propertyPath: m_LocalRotation.x
      value: -0
      objectReference: {fileID: 0}
    - target: {fileID: 5878599885704667059, guid: 14378868b06d6894a800f0822de518e9,
        type: 3}
      propertyPath: m_LocalRotation.y
      value: -0
      objectReference: {fileID: 0}
    - target: {fileID: 5878599885704667059, guid: 14378868b06d6894a800f0822de518e9,
        type: 3}
      propertyPath: m_LocalRotation.z
      value: -0
      objectReference: {fileID: 0}
    - target: {fileID: 5878599885704667059, guid: 14378868b06d6894a800f0822de518e9,
        type: 3}
      propertyPath: m_LocalEulerAnglesHint.x
      value: 0
      objectReference: {fileID: 0}
    - target: {fileID: 5878599885704667059, guid: 14378868b06d6894a800f0822de518e9,
        type: 3}
      propertyPath: m_LocalEulerAnglesHint.y
      value: 0
      objectReference: {fileID: 0}
    - target: {fileID: 5878599885704667059, guid: 14378868b06d6894a800f0822de518e9,
        type: 3}
      propertyPath: m_LocalEulerAnglesHint.z
      value: 0
      objectReference: {fileID: 0}
    - target: {fileID: 5878599885704667068, guid: 14378868b06d6894a800f0822de518e9,
        type: 3}
      propertyPath: m_Name
      value: Obstacle (6)
      objectReference: {fileID: 0}
    m_RemovedComponents: []
  m_SourcePrefab: {fileID: 100100000, guid: 14378868b06d6894a800f0822de518e9, type: 3}
--- !u!4 &951300352 stripped
Transform:
  m_CorrespondingSourceObject: {fileID: 5878599885704667059, guid: 14378868b06d6894a800f0822de518e9,
    type: 3}
  m_PrefabInstance: {fileID: 951300351}
  m_PrefabAsset: {fileID: 0}
--- !u!1 &959967229
GameObject:
  m_ObjectHideFlags: 0
  m_CorrespondingSourceObject: {fileID: 0}
  m_PrefabInstance: {fileID: 0}
  m_PrefabAsset: {fileID: 0}
  serializedVersion: 6
  m_Component:
  - component: {fileID: 959967230}
  m_Layer: 0
  m_Name: LevelObjects
  m_TagString: Untagged
  m_Icon: {fileID: 0}
  m_NavMeshLayer: 0
  m_StaticEditorFlags: 0
  m_IsActive: 1
--- !u!4 &959967230
Transform:
  m_ObjectHideFlags: 0
  m_CorrespondingSourceObject: {fileID: 0}
  m_PrefabInstance: {fileID: 0}
  m_PrefabAsset: {fileID: 0}
  m_GameObject: {fileID: 959967229}
  m_LocalRotation: {x: 0, y: 0, z: 0, w: 1}
  m_LocalPosition: {x: 0, y: 0, z: 0}
  m_LocalScale: {x: 1, y: 1, z: 1}
  m_Children:
  - {fileID: 377549312}
  - {fileID: 1632223358}
  - {fileID: 1702081322}
  - {fileID: 1332521704}
  - {fileID: 2062538399}
  - {fileID: 1806069570}
  m_Father: {fileID: 0}
  m_RootOrder: 4
  m_LocalEulerAnglesHint: {x: 0, y: 0, z: 0}
--- !u!1001 &1099438198
PrefabInstance:
  m_ObjectHideFlags: 0
  serializedVersion: 2
  m_Modification:
    m_TransformParent: {fileID: 1666858265}
    m_Modifications:
    - target: {fileID: 6867297054333969162, guid: 5d7c7486aa201204597addb3bc5839d3,
        type: 3}
      propertyPath: m_Name
      value: Trampoline (2)
      objectReference: {fileID: 0}
    - target: {fileID: 6867297054333969167, guid: 5d7c7486aa201204597addb3bc5839d3,
        type: 3}
      propertyPath: m_RootOrder
      value: 17
      objectReference: {fileID: 0}
    - target: {fileID: 6867297054333969167, guid: 5d7c7486aa201204597addb3bc5839d3,
        type: 3}
      propertyPath: m_LocalScale.y
      value: 0.19999999
      objectReference: {fileID: 0}
    - target: {fileID: 6867297054333969167, guid: 5d7c7486aa201204597addb3bc5839d3,
        type: 3}
      propertyPath: m_LocalPosition.x
      value: 78.11
      objectReference: {fileID: 0}
    - target: {fileID: 6867297054333969167, guid: 5d7c7486aa201204597addb3bc5839d3,
        type: 3}
      propertyPath: m_LocalPosition.y
      value: 1.1000004
      objectReference: {fileID: 0}
    - target: {fileID: 6867297054333969167, guid: 5d7c7486aa201204597addb3bc5839d3,
        type: 3}
      propertyPath: m_LocalPosition.z
      value: 0.011474609
      objectReference: {fileID: 0}
    - target: {fileID: 6867297054333969167, guid: 5d7c7486aa201204597addb3bc5839d3,
        type: 3}
      propertyPath: m_LocalRotation.w
      value: 1
      objectReference: {fileID: 0}
    - target: {fileID: 6867297054333969167, guid: 5d7c7486aa201204597addb3bc5839d3,
        type: 3}
      propertyPath: m_LocalRotation.x
      value: -0
      objectReference: {fileID: 0}
    - target: {fileID: 6867297054333969167, guid: 5d7c7486aa201204597addb3bc5839d3,
        type: 3}
      propertyPath: m_LocalRotation.y
      value: -0
      objectReference: {fileID: 0}
    - target: {fileID: 6867297054333969167, guid: 5d7c7486aa201204597addb3bc5839d3,
        type: 3}
      propertyPath: m_LocalRotation.z
      value: -0
      objectReference: {fileID: 0}
    - target: {fileID: 6867297054333969167, guid: 5d7c7486aa201204597addb3bc5839d3,
        type: 3}
      propertyPath: m_LocalEulerAnglesHint.x
      value: 0
      objectReference: {fileID: 0}
    - target: {fileID: 6867297054333969167, guid: 5d7c7486aa201204597addb3bc5839d3,
        type: 3}
      propertyPath: m_LocalEulerAnglesHint.y
      value: 0
      objectReference: {fileID: 0}
    - target: {fileID: 6867297054333969167, guid: 5d7c7486aa201204597addb3bc5839d3,
        type: 3}
      propertyPath: m_LocalEulerAnglesHint.z
      value: 0
      objectReference: {fileID: 0}
    m_RemovedComponents: []
  m_SourcePrefab: {fileID: 100100000, guid: 5d7c7486aa201204597addb3bc5839d3, type: 3}
--- !u!4 &1099438199 stripped
Transform:
  m_CorrespondingSourceObject: {fileID: 6867297054333969167, guid: 5d7c7486aa201204597addb3bc5839d3,
    type: 3}
  m_PrefabInstance: {fileID: 1099438198}
  m_PrefabAsset: {fileID: 0}
--- !u!1001 &1127638706
PrefabInstance:
  m_ObjectHideFlags: 0
  serializedVersion: 2
  m_Modification:
    m_TransformParent: {fileID: 1666858265}
    m_Modifications:
    - target: {fileID: 7539256165176281093, guid: 60e1a99da3d9b124b9c7e88033fc0850,
        type: 3}
      propertyPath: m_RootOrder
      value: 0
      objectReference: {fileID: 0}
    - target: {fileID: 7539256165176281093, guid: 60e1a99da3d9b124b9c7e88033fc0850,
        type: 3}
      propertyPath: m_LocalScale.x
      value: 182.4412
      objectReference: {fileID: 0}
    - target: {fileID: 7539256165176281093, guid: 60e1a99da3d9b124b9c7e88033fc0850,
        type: 3}
      propertyPath: m_LocalPosition.x
      value: 22.86
      objectReference: {fileID: 0}
    - target: {fileID: 7539256165176281093, guid: 60e1a99da3d9b124b9c7e88033fc0850,
        type: 3}
      propertyPath: m_LocalPosition.y
      value: -8.440001
      objectReference: {fileID: 0}
    - target: {fileID: 7539256165176281093, guid: 60e1a99da3d9b124b9c7e88033fc0850,
        type: 3}
      propertyPath: m_LocalPosition.z
      value: 0
      objectReference: {fileID: 0}
    - target: {fileID: 7539256165176281093, guid: 60e1a99da3d9b124b9c7e88033fc0850,
        type: 3}
      propertyPath: m_LocalRotation.w
      value: 1
      objectReference: {fileID: 0}
    - target: {fileID: 7539256165176281093, guid: 60e1a99da3d9b124b9c7e88033fc0850,
        type: 3}
      propertyPath: m_LocalRotation.x
      value: -0
      objectReference: {fileID: 0}
    - target: {fileID: 7539256165176281093, guid: 60e1a99da3d9b124b9c7e88033fc0850,
        type: 3}
      propertyPath: m_LocalRotation.y
      value: -0
      objectReference: {fileID: 0}
    - target: {fileID: 7539256165176281093, guid: 60e1a99da3d9b124b9c7e88033fc0850,
        type: 3}
      propertyPath: m_LocalRotation.z
      value: -0
      objectReference: {fileID: 0}
    - target: {fileID: 7539256165176281093, guid: 60e1a99da3d9b124b9c7e88033fc0850,
        type: 3}
      propertyPath: m_LocalEulerAnglesHint.x
      value: 0
      objectReference: {fileID: 0}
    - target: {fileID: 7539256165176281093, guid: 60e1a99da3d9b124b9c7e88033fc0850,
        type: 3}
      propertyPath: m_LocalEulerAnglesHint.y
      value: 0
      objectReference: {fileID: 0}
    - target: {fileID: 7539256165176281093, guid: 60e1a99da3d9b124b9c7e88033fc0850,
        type: 3}
      propertyPath: m_LocalEulerAnglesHint.z
      value: 0
      objectReference: {fileID: 0}
    - target: {fileID: 7539256165176281098, guid: 60e1a99da3d9b124b9c7e88033fc0850,
        type: 3}
      propertyPath: m_Name
      value: BottomObstacle
      objectReference: {fileID: 0}
    m_RemovedComponents: []
  m_SourcePrefab: {fileID: 100100000, guid: 60e1a99da3d9b124b9c7e88033fc0850, type: 3}
--- !u!4 &1127638707 stripped
Transform:
  m_CorrespondingSourceObject: {fileID: 7539256165176281093, guid: 60e1a99da3d9b124b9c7e88033fc0850,
    type: 3}
  m_PrefabInstance: {fileID: 1127638706}
  m_PrefabAsset: {fileID: 0}
--- !u!1001 &1219056687
PrefabInstance:
  m_ObjectHideFlags: 0
  serializedVersion: 2
  m_Modification:
    m_TransformParent: {fileID: 1666858265}
    m_Modifications:
    - target: {fileID: 5878599885704667059, guid: 14378868b06d6894a800f0822de518e9,
        type: 3}
      propertyPath: m_RootOrder
      value: 3
      objectReference: {fileID: 0}
    - target: {fileID: 5878599885704667059, guid: 14378868b06d6894a800f0822de518e9,
        type: 3}
      propertyPath: m_LocalScale.x
      value: 20.566143
      objectReference: {fileID: 0}
    - target: {fileID: 5878599885704667059, guid: 14378868b06d6894a800f0822de518e9,
        type: 3}
      propertyPath: m_LocalScale.y
      value: 1
      objectReference: {fileID: 0}
    - target: {fileID: 5878599885704667059, guid: 14378868b06d6894a800f0822de518e9,
        type: 3}
      propertyPath: m_LocalScale.z
      value: 2
      objectReference: {fileID: 0}
    - target: {fileID: 5878599885704667059, guid: 14378868b06d6894a800f0822de518e9,
        type: 3}
      propertyPath: m_LocalPosition.x
      value: 3.937
      objectReference: {fileID: 0}
    - target: {fileID: 5878599885704667059, guid: 14378868b06d6894a800f0822de518e9,
        type: 3}
      propertyPath: m_LocalPosition.y
      value: 5.72
      objectReference: {fileID: 0}
    - target: {fileID: 5878599885704667059, guid: 14378868b06d6894a800f0822de518e9,
        type: 3}
      propertyPath: m_LocalPosition.z
      value: 0
      objectReference: {fileID: 0}
    - target: {fileID: 5878599885704667059, guid: 14378868b06d6894a800f0822de518e9,
        type: 3}
      propertyPath: m_LocalRotation.w
      value: 1
      objectReference: {fileID: 0}
    - target: {fileID: 5878599885704667059, guid: 14378868b06d6894a800f0822de518e9,
        type: 3}
      propertyPath: m_LocalRotation.x
      value: -0
      objectReference: {fileID: 0}
    - target: {fileID: 5878599885704667059, guid: 14378868b06d6894a800f0822de518e9,
        type: 3}
      propertyPath: m_LocalRotation.y
      value: -0
      objectReference: {fileID: 0}
    - target: {fileID: 5878599885704667059, guid: 14378868b06d6894a800f0822de518e9,
        type: 3}
      propertyPath: m_LocalRotation.z
      value: -0
      objectReference: {fileID: 0}
    - target: {fileID: 5878599885704667059, guid: 14378868b06d6894a800f0822de518e9,
        type: 3}
      propertyPath: m_LocalEulerAnglesHint.x
      value: 0
      objectReference: {fileID: 0}
    - target: {fileID: 5878599885704667059, guid: 14378868b06d6894a800f0822de518e9,
        type: 3}
      propertyPath: m_LocalEulerAnglesHint.y
      value: 0
      objectReference: {fileID: 0}
    - target: {fileID: 5878599885704667059, guid: 14378868b06d6894a800f0822de518e9,
        type: 3}
      propertyPath: m_LocalEulerAnglesHint.z
      value: 0
      objectReference: {fileID: 0}
    - target: {fileID: 5878599885704667068, guid: 14378868b06d6894a800f0822de518e9,
        type: 3}
      propertyPath: m_Name
      value: Obstacle (3)
      objectReference: {fileID: 0}
    - target: {fileID: 5878599885704667070, guid: 14378868b06d6894a800f0822de518e9,
        type: 3}
      propertyPath: m_Size.y
      value: 1.1
      objectReference: {fileID: 0}
    m_RemovedComponents: []
  m_SourcePrefab: {fileID: 100100000, guid: 14378868b06d6894a800f0822de518e9, type: 3}
--- !u!4 &1219056688 stripped
Transform:
  m_CorrespondingSourceObject: {fileID: 5878599885704667059, guid: 14378868b06d6894a800f0822de518e9,
    type: 3}
  m_PrefabInstance: {fileID: 1219056687}
  m_PrefabAsset: {fileID: 0}
--- !u!1001 &1332521703
PrefabInstance:
  m_ObjectHideFlags: 0
  serializedVersion: 2
  m_Modification:
    m_TransformParent: {fileID: 959967230}
    m_Modifications:
    - target: {fileID: 5620100080543012297, guid: e75ffcfad74f1d743aa076dc9a406ecc,
        type: 3}
      propertyPath: m_Name
      value: Floor (1)
      objectReference: {fileID: 0}
    - target: {fileID: 5620100080543012299, guid: e75ffcfad74f1d743aa076dc9a406ecc,
        type: 3}
      propertyPath: m_Materials.Array.data[0]
      value: 
      objectReference: {fileID: 2100000, guid: 4877c316b94c3a949ae024a254ea6d6e, type: 2}
    - target: {fileID: 5620100080543012301, guid: e75ffcfad74f1d743aa076dc9a406ecc,
        type: 3}
      propertyPath: m_RootOrder
      value: 3
      objectReference: {fileID: 0}
    - target: {fileID: 5620100080543012301, guid: e75ffcfad74f1d743aa076dc9a406ecc,
        type: 3}
      propertyPath: m_LocalScale.x
      value: 44.4991
      objectReference: {fileID: 0}
    - target: {fileID: 5620100080543012301, guid: e75ffcfad74f1d743aa076dc9a406ecc,
        type: 3}
      propertyPath: m_LocalPosition.x
      value: 52.396
      objectReference: {fileID: 0}
    - target: {fileID: 5620100080543012301, guid: e75ffcfad74f1d743aa076dc9a406ecc,
        type: 3}
      propertyPath: m_LocalPosition.y
      value: 0
      objectReference: {fileID: 0}
    - target: {fileID: 5620100080543012301, guid: e75ffcfad74f1d743aa076dc9a406ecc,
        type: 3}
      propertyPath: m_LocalPosition.z
      value: 0
      objectReference: {fileID: 0}
    - target: {fileID: 5620100080543012301, guid: e75ffcfad74f1d743aa076dc9a406ecc,
        type: 3}
      propertyPath: m_LocalRotation.w
      value: 1
      objectReference: {fileID: 0}
    - target: {fileID: 5620100080543012301, guid: e75ffcfad74f1d743aa076dc9a406ecc,
        type: 3}
      propertyPath: m_LocalRotation.x
      value: -0
      objectReference: {fileID: 0}
    - target: {fileID: 5620100080543012301, guid: e75ffcfad74f1d743aa076dc9a406ecc,
        type: 3}
      propertyPath: m_LocalRotation.y
      value: -0
      objectReference: {fileID: 0}
    - target: {fileID: 5620100080543012301, guid: e75ffcfad74f1d743aa076dc9a406ecc,
        type: 3}
      propertyPath: m_LocalRotation.z
      value: -0
      objectReference: {fileID: 0}
    - target: {fileID: 5620100080543012301, guid: e75ffcfad74f1d743aa076dc9a406ecc,
        type: 3}
      propertyPath: m_LocalEulerAnglesHint.x
      value: 0
      objectReference: {fileID: 0}
    - target: {fileID: 5620100080543012301, guid: e75ffcfad74f1d743aa076dc9a406ecc,
        type: 3}
      propertyPath: m_LocalEulerAnglesHint.y
      value: 0
      objectReference: {fileID: 0}
    - target: {fileID: 5620100080543012301, guid: e75ffcfad74f1d743aa076dc9a406ecc,
        type: 3}
      propertyPath: m_LocalEulerAnglesHint.z
      value: 0
      objectReference: {fileID: 0}
    m_RemovedComponents: []
  m_SourcePrefab: {fileID: 100100000, guid: e75ffcfad74f1d743aa076dc9a406ecc, type: 3}
--- !u!4 &1332521704 stripped
Transform:
  m_CorrespondingSourceObject: {fileID: 5620100080543012301, guid: e75ffcfad74f1d743aa076dc9a406ecc,
    type: 3}
  m_PrefabInstance: {fileID: 1332521703}
  m_PrefabAsset: {fileID: 0}
--- !u!1001 &1373224412
PrefabInstance:
  m_ObjectHideFlags: 0
  serializedVersion: 2
  m_Modification:
    m_TransformParent: {fileID: 1666858265}
    m_Modifications:
    - target: {fileID: 5878599885704667059, guid: 14378868b06d6894a800f0822de518e9,
        type: 3}
      propertyPath: m_RootOrder
      value: 11
      objectReference: {fileID: 0}
    - target: {fileID: 5878599885704667059, guid: 14378868b06d6894a800f0822de518e9,
        type: 3}
      propertyPath: m_LocalScale.x
      value: 8.566733
      objectReference: {fileID: 0}
    - target: {fileID: 5878599885704667059, guid: 14378868b06d6894a800f0822de518e9,
        type: 3}
      propertyPath: m_LocalScale.y
      value: 1
      objectReference: {fileID: 0}
    - target: {fileID: 5878599885704667059, guid: 14378868b06d6894a800f0822de518e9,
        type: 3}
      propertyPath: m_LocalScale.z
      value: 2
      objectReference: {fileID: 0}
    - target: {fileID: 5878599885704667059, guid: 14378868b06d6894a800f0822de518e9,
        type: 3}
      propertyPath: m_LocalPosition.x
      value: 53.022648
      objectReference: {fileID: 0}
    - target: {fileID: 5878599885704667059, guid: 14378868b06d6894a800f0822de518e9,
        type: 3}
      propertyPath: m_LocalPosition.y
      value: 5.173063
      objectReference: {fileID: 0}
    - target: {fileID: 5878599885704667059, guid: 14378868b06d6894a800f0822de518e9,
        type: 3}
      propertyPath: m_LocalPosition.z
      value: 0
      objectReference: {fileID: 0}
    - target: {fileID: 5878599885704667059, guid: 14378868b06d6894a800f0822de518e9,
        type: 3}
      propertyPath: m_LocalRotation.w
      value: 1
      objectReference: {fileID: 0}
    - target: {fileID: 5878599885704667059, guid: 14378868b06d6894a800f0822de518e9,
        type: 3}
      propertyPath: m_LocalRotation.x
      value: -0
      objectReference: {fileID: 0}
    - target: {fileID: 5878599885704667059, guid: 14378868b06d6894a800f0822de518e9,
        type: 3}
      propertyPath: m_LocalRotation.y
      value: -0
      objectReference: {fileID: 0}
    - target: {fileID: 5878599885704667059, guid: 14378868b06d6894a800f0822de518e9,
        type: 3}
      propertyPath: m_LocalRotation.z
      value: -0
      objectReference: {fileID: 0}
    - target: {fileID: 5878599885704667059, guid: 14378868b06d6894a800f0822de518e9,
        type: 3}
      propertyPath: m_LocalEulerAnglesHint.x
      value: 0
      objectReference: {fileID: 0}
    - target: {fileID: 5878599885704667059, guid: 14378868b06d6894a800f0822de518e9,
        type: 3}
      propertyPath: m_LocalEulerAnglesHint.y
      value: 0
      objectReference: {fileID: 0}
    - target: {fileID: 5878599885704667059, guid: 14378868b06d6894a800f0822de518e9,
        type: 3}
      propertyPath: m_LocalEulerAnglesHint.z
      value: 0
      objectReference: {fileID: 0}
    - target: {fileID: 5878599885704667068, guid: 14378868b06d6894a800f0822de518e9,
        type: 3}
      propertyPath: m_Name
      value: Obstacle (7)
      objectReference: {fileID: 0}
    - target: {fileID: 5878599885704667070, guid: 14378868b06d6894a800f0822de518e9,
        type: 3}
      propertyPath: m_Size.y
      value: 1.1
      objectReference: {fileID: 0}
    m_RemovedComponents: []
  m_SourcePrefab: {fileID: 100100000, guid: 14378868b06d6894a800f0822de518e9, type: 3}
--- !u!4 &1373224413 stripped
Transform:
  m_CorrespondingSourceObject: {fileID: 5878599885704667059, guid: 14378868b06d6894a800f0822de518e9,
    type: 3}
  m_PrefabInstance: {fileID: 1373224412}
  m_PrefabAsset: {fileID: 0}
--- !u!1 &1373224414 stripped
GameObject:
  m_CorrespondingSourceObject: {fileID: 5878599885704667068, guid: 14378868b06d6894a800f0822de518e9,
    type: 3}
  m_PrefabInstance: {fileID: 1373224412}
  m_PrefabAsset: {fileID: 0}
--- !u!65 &1373224415
BoxCollider:
  m_ObjectHideFlags: 0
  m_CorrespondingSourceObject: {fileID: 0}
  m_PrefabInstance: {fileID: 0}
  m_PrefabAsset: {fileID: 0}
  m_GameObject: {fileID: 1373224414}
  m_Material: {fileID: 0}
  m_IsTrigger: 0
  m_Enabled: 1
  serializedVersion: 2
  m_Size: {x: 1, y: 1, z: 1}
  m_Center: {x: 0, y: 0, z: 0}
--- !u!1001 &1416977761
PrefabInstance:
  m_ObjectHideFlags: 0
  serializedVersion: 2
  m_Modification:
    m_TransformParent: {fileID: 1666858265}
    m_Modifications:
    - target: {fileID: 3937836516165855248, guid: dc880dcb5e8c77a4c84016d44131a0c4,
        type: 3}
      propertyPath: m_Name
      value: Trampoline2 (2)
      objectReference: {fileID: 0}
    - target: {fileID: 3937836516165855253, guid: dc880dcb5e8c77a4c84016d44131a0c4,
        type: 3}
      propertyPath: m_RootOrder
      value: 8
      objectReference: {fileID: 0}
    - target: {fileID: 3937836516165855253, guid: dc880dcb5e8c77a4c84016d44131a0c4,
        type: 3}
      propertyPath: m_LocalPosition.x
      value: 43.0619
      objectReference: {fileID: 0}
    - target: {fileID: 3937836516165855253, guid: dc880dcb5e8c77a4c84016d44131a0c4,
        type: 3}
      propertyPath: m_LocalPosition.y
      value: 1.1599998
      objectReference: {fileID: 0}
    - target: {fileID: 3937836516165855253, guid: dc880dcb5e8c77a4c84016d44131a0c4,
        type: 3}
      propertyPath: m_LocalPosition.z
      value: 0.011474609
      objectReference: {fileID: 0}
    - target: {fileID: 3937836516165855253, guid: dc880dcb5e8c77a4c84016d44131a0c4,
        type: 3}
      propertyPath: m_LocalRotation.w
      value: 1
      objectReference: {fileID: 0}
    - target: {fileID: 3937836516165855253, guid: dc880dcb5e8c77a4c84016d44131a0c4,
        type: 3}
      propertyPath: m_LocalRotation.x
      value: -0
      objectReference: {fileID: 0}
    - target: {fileID: 3937836516165855253, guid: dc880dcb5e8c77a4c84016d44131a0c4,
        type: 3}
      propertyPath: m_LocalRotation.y
      value: -0
      objectReference: {fileID: 0}
    - target: {fileID: 3937836516165855253, guid: dc880dcb5e8c77a4c84016d44131a0c4,
        type: 3}
      propertyPath: m_LocalRotation.z
      value: -0
      objectReference: {fileID: 0}
    - target: {fileID: 3937836516165855253, guid: dc880dcb5e8c77a4c84016d44131a0c4,
        type: 3}
      propertyPath: m_LocalEulerAnglesHint.x
      value: 0
      objectReference: {fileID: 0}
    - target: {fileID: 3937836516165855253, guid: dc880dcb5e8c77a4c84016d44131a0c4,
        type: 3}
      propertyPath: m_LocalEulerAnglesHint.y
      value: 0
      objectReference: {fileID: 0}
    - target: {fileID: 3937836516165855253, guid: dc880dcb5e8c77a4c84016d44131a0c4,
        type: 3}
      propertyPath: m_LocalEulerAnglesHint.z
      value: 0
      objectReference: {fileID: 0}
    m_RemovedComponents: []
  m_SourcePrefab: {fileID: 100100000, guid: dc880dcb5e8c77a4c84016d44131a0c4, type: 3}
--- !u!4 &1416977762 stripped
Transform:
  m_CorrespondingSourceObject: {fileID: 3937836516165855253, guid: dc880dcb5e8c77a4c84016d44131a0c4,
    type: 3}
  m_PrefabInstance: {fileID: 1416977761}
  m_PrefabAsset: {fileID: 0}
--- !u!1001 &1442367411
PrefabInstance:
  m_ObjectHideFlags: 0
  serializedVersion: 2
  m_Modification:
    m_TransformParent: {fileID: 1666858265}
    m_Modifications:
    - target: {fileID: 5878599885704667059, guid: 14378868b06d6894a800f0822de518e9,
        type: 3}
      propertyPath: m_RootOrder
      value: 4
      objectReference: {fileID: 0}
    - target: {fileID: 5878599885704667059, guid: 14378868b06d6894a800f0822de518e9,
        type: 3}
      propertyPath: m_LocalScale.x
      value: 1.2838231
      objectReference: {fileID: 0}
    - target: {fileID: 5878599885704667059, guid: 14378868b06d6894a800f0822de518e9,
        type: 3}
      propertyPath: m_LocalScale.y
      value: 0.800743
      objectReference: {fileID: 0}
    - target: {fileID: 5878599885704667059, guid: 14378868b06d6894a800f0822de518e9,
        type: 3}
      propertyPath: m_LocalScale.z
      value: 1.8473064
      objectReference: {fileID: 0}
    - target: {fileID: 5878599885704667059, guid: 14378868b06d6894a800f0822de518e9,
        type: 3}
      propertyPath: m_LocalPosition.x
      value: 25.515
      objectReference: {fileID: 0}
    - target: {fileID: 5878599885704667059, guid: 14378868b06d6894a800f0822de518e9,
        type: 3}
      propertyPath: m_LocalPosition.y
      value: 6.69
      objectReference: {fileID: 0}
    - target: {fileID: 5878599885704667059, guid: 14378868b06d6894a800f0822de518e9,
        type: 3}
      propertyPath: m_LocalPosition.z
      value: -0.07600021
      objectReference: {fileID: 0}
    - target: {fileID: 5878599885704667059, guid: 14378868b06d6894a800f0822de518e9,
        type: 3}
      propertyPath: m_LocalRotation.w
      value: 1
      objectReference: {fileID: 0}
    - target: {fileID: 5878599885704667059, guid: 14378868b06d6894a800f0822de518e9,
        type: 3}
      propertyPath: m_LocalRotation.x
      value: -0
      objectReference: {fileID: 0}
    - target: {fileID: 5878599885704667059, guid: 14378868b06d6894a800f0822de518e9,
        type: 3}
      propertyPath: m_LocalRotation.y
      value: -0
      objectReference: {fileID: 0}
    - target: {fileID: 5878599885704667059, guid: 14378868b06d6894a800f0822de518e9,
        type: 3}
      propertyPath: m_LocalRotation.z
      value: -0
      objectReference: {fileID: 0}
    - target: {fileID: 5878599885704667059, guid: 14378868b06d6894a800f0822de518e9,
        type: 3}
      propertyPath: m_LocalEulerAnglesHint.x
      value: 0
      objectReference: {fileID: 0}
    - target: {fileID: 5878599885704667059, guid: 14378868b06d6894a800f0822de518e9,
        type: 3}
      propertyPath: m_LocalEulerAnglesHint.y
      value: 0
      objectReference: {fileID: 0}
    - target: {fileID: 5878599885704667059, guid: 14378868b06d6894a800f0822de518e9,
        type: 3}
      propertyPath: m_LocalEulerAnglesHint.z
      value: 0
      objectReference: {fileID: 0}
    - target: {fileID: 5878599885704667068, guid: 14378868b06d6894a800f0822de518e9,
        type: 3}
      propertyPath: m_Name
      value: Obstacle (2)
      objectReference: {fileID: 0}
    - target: {fileID: 5878599885704667068, guid: 14378868b06d6894a800f0822de518e9,
        type: 3}
      propertyPath: m_IsActive
      value: 0
      objectReference: {fileID: 0}
    m_RemovedComponents: []
  m_SourcePrefab: {fileID: 100100000, guid: 14378868b06d6894a800f0822de518e9, type: 3}
--- !u!4 &1442367412 stripped
Transform:
  m_CorrespondingSourceObject: {fileID: 5878599885704667059, guid: 14378868b06d6894a800f0822de518e9,
    type: 3}
  m_PrefabInstance: {fileID: 1442367411}
  m_PrefabAsset: {fileID: 0}
--- !u!1001 &1632223357
PrefabInstance:
  m_ObjectHideFlags: 0
  serializedVersion: 2
  m_Modification:
    m_TransformParent: {fileID: 959967230}
    m_Modifications:
    - target: {fileID: 1992632755488242778, guid: 4f559d9abd1579144a40b6b4b9281ee7,
        type: 3}
      propertyPath: m_RootOrder
      value: 1
      objectReference: {fileID: 0}
    - target: {fileID: 1992632755488242778, guid: 4f559d9abd1579144a40b6b4b9281ee7,
        type: 3}
      propertyPath: m_LocalPosition.x
      value: -18.861229
      objectReference: {fileID: 0}
    - target: {fileID: 1992632755488242778, guid: 4f559d9abd1579144a40b6b4b9281ee7,
        type: 3}
      propertyPath: m_LocalPosition.y
      value: 2
      objectReference: {fileID: 0}
    - target: {fileID: 1992632755488242778, guid: 4f559d9abd1579144a40b6b4b9281ee7,
        type: 3}
      propertyPath: m_LocalPosition.z
      value: 0
      objectReference: {fileID: 0}
    - target: {fileID: 1992632755488242778, guid: 4f559d9abd1579144a40b6b4b9281ee7,
        type: 3}
      propertyPath: m_LocalRotation.w
      value: 1
      objectReference: {fileID: 0}
    - target: {fileID: 1992632755488242778, guid: 4f559d9abd1579144a40b6b4b9281ee7,
        type: 3}
      propertyPath: m_LocalRotation.x
      value: -0
      objectReference: {fileID: 0}
    - target: {fileID: 1992632755488242778, guid: 4f559d9abd1579144a40b6b4b9281ee7,
        type: 3}
      propertyPath: m_LocalRotation.y
      value: -0
      objectReference: {fileID: 0}
    - target: {fileID: 1992632755488242778, guid: 4f559d9abd1579144a40b6b4b9281ee7,
        type: 3}
      propertyPath: m_LocalRotation.z
      value: -0
      objectReference: {fileID: 0}
    - target: {fileID: 1992632755488242778, guid: 4f559d9abd1579144a40b6b4b9281ee7,
        type: 3}
      propertyPath: m_LocalEulerAnglesHint.x
      value: 0
      objectReference: {fileID: 0}
    - target: {fileID: 1992632755488242778, guid: 4f559d9abd1579144a40b6b4b9281ee7,
        type: 3}
      propertyPath: m_LocalEulerAnglesHint.y
      value: 0
      objectReference: {fileID: 0}
    - target: {fileID: 1992632755488242778, guid: 4f559d9abd1579144a40b6b4b9281ee7,
        type: 3}
      propertyPath: m_LocalEulerAnglesHint.z
      value: 0
      objectReference: {fileID: 0}
    - target: {fileID: 1992632755488242780, guid: 4f559d9abd1579144a40b6b4b9281ee7,
        type: 3}
      propertyPath: m_Materials.Array.data[0]
      value: 
      objectReference: {fileID: 2100000, guid: 4877c316b94c3a949ae024a254ea6d6e, type: 2}
    - target: {fileID: 1992632755488242782, guid: 4f559d9abd1579144a40b6b4b9281ee7,
        type: 3}
      propertyPath: m_Name
      value: Wall (1)
      objectReference: {fileID: 0}
    - target: {fileID: 1992632755488242782, guid: 4f559d9abd1579144a40b6b4b9281ee7,
        type: 3}
      propertyPath: m_IsActive
      value: 1
      objectReference: {fileID: 0}
    m_RemovedComponents: []
  m_SourcePrefab: {fileID: 100100000, guid: 4f559d9abd1579144a40b6b4b9281ee7, type: 3}
--- !u!4 &1632223358 stripped
Transform:
  m_CorrespondingSourceObject: {fileID: 1992632755488242778, guid: 4f559d9abd1579144a40b6b4b9281ee7,
    type: 3}
  m_PrefabInstance: {fileID: 1632223357}
  m_PrefabAsset: {fileID: 0}
--- !u!1 &1666858264
GameObject:
  m_ObjectHideFlags: 0
  m_CorrespondingSourceObject: {fileID: 0}
  m_PrefabInstance: {fileID: 0}
  m_PrefabAsset: {fileID: 0}
  serializedVersion: 6
  m_Component:
  - component: {fileID: 1666858265}
  m_Layer: 0
  m_Name: ImportantObjects
  m_TagString: Untagged
  m_Icon: {fileID: 0}
  m_NavMeshLayer: 0
  m_StaticEditorFlags: 0
  m_IsActive: 1
--- !u!4 &1666858265
Transform:
  m_ObjectHideFlags: 0
  m_CorrespondingSourceObject: {fileID: 0}
  m_PrefabInstance: {fileID: 0}
  m_PrefabAsset: {fileID: 0}
  m_GameObject: {fileID: 1666858264}
  m_LocalRotation: {x: 0, y: 0, z: 0, w: 1}
  m_LocalPosition: {x: 0, y: 0, z: 0}
  m_LocalScale: {x: 1, y: 1, z: 1}
  m_Children:
  - {fileID: 1127638707}
  - {fileID: 221025801}
  - {fileID: 7632347082726974373}
  - {fileID: 1219056688}
  - {fileID: 1442367412}
  - {fileID: 718914752}
  - {fileID: 698029173}
  - {fileID: 332978154}
  - {fileID: 1416977762}
  - {fileID: 154243342}
  - {fileID: 775418163}
  - {fileID: 1373224413}
  - {fileID: 666362623}
  - {fileID: 224531163}
  - {fileID: 2051431129}
  - {fileID: 462260206}
  - {fileID: 951300352}
  - {fileID: 1099438199}
  m_Father: {fileID: 0}
  m_RootOrder: 3
  m_LocalEulerAnglesHint: {x: 0, y: 0, z: 0}
--- !u!1001 &1702081321
PrefabInstance:
  m_ObjectHideFlags: 0
  serializedVersion: 2
  m_Modification:
    m_TransformParent: {fileID: 959967230}
    m_Modifications:
    - target: {fileID: 1992632755488242778, guid: 4f559d9abd1579144a40b6b4b9281ee7,
        type: 3}
      propertyPath: m_RootOrder
      value: 2
      objectReference: {fileID: 0}
    - target: {fileID: 1992632755488242778, guid: 4f559d9abd1579144a40b6b4b9281ee7,
        type: 3}
      propertyPath: m_LocalScale.y
      value: 1.5
      objectReference: {fileID: 0}
    - target: {fileID: 1992632755488242778, guid: 4f559d9abd1579144a40b6b4b9281ee7,
        type: 3}
      propertyPath: m_LocalPosition.x
      value: 6.3
      objectReference: {fileID: 0}
    - target: {fileID: 1992632755488242778, guid: 4f559d9abd1579144a40b6b4b9281ee7,
        type: 3}
      propertyPath: m_LocalPosition.y
      value: 1.25
      objectReference: {fileID: 0}
    - target: {fileID: 1992632755488242778, guid: 4f559d9abd1579144a40b6b4b9281ee7,
        type: 3}
      propertyPath: m_LocalPosition.z
      value: 0
      objectReference: {fileID: 0}
    - target: {fileID: 1992632755488242778, guid: 4f559d9abd1579144a40b6b4b9281ee7,
        type: 3}
      propertyPath: m_LocalRotation.w
      value: 1
      objectReference: {fileID: 0}
    - target: {fileID: 1992632755488242778, guid: 4f559d9abd1579144a40b6b4b9281ee7,
        type: 3}
      propertyPath: m_LocalRotation.x
      value: -0
      objectReference: {fileID: 0}
    - target: {fileID: 1992632755488242778, guid: 4f559d9abd1579144a40b6b4b9281ee7,
        type: 3}
      propertyPath: m_LocalRotation.y
      value: -0
      objectReference: {fileID: 0}
    - target: {fileID: 1992632755488242778, guid: 4f559d9abd1579144a40b6b4b9281ee7,
        type: 3}
      propertyPath: m_LocalRotation.z
      value: -0
      objectReference: {fileID: 0}
    - target: {fileID: 1992632755488242778, guid: 4f559d9abd1579144a40b6b4b9281ee7,
        type: 3}
      propertyPath: m_LocalEulerAnglesHint.x
      value: 0
      objectReference: {fileID: 0}
    - target: {fileID: 1992632755488242778, guid: 4f559d9abd1579144a40b6b4b9281ee7,
        type: 3}
      propertyPath: m_LocalEulerAnglesHint.y
      value: 0
      objectReference: {fileID: 0}
    - target: {fileID: 1992632755488242778, guid: 4f559d9abd1579144a40b6b4b9281ee7,
        type: 3}
      propertyPath: m_LocalEulerAnglesHint.z
      value: 0
      objectReference: {fileID: 0}
    - target: {fileID: 1992632755488242780, guid: 4f559d9abd1579144a40b6b4b9281ee7,
        type: 3}
      propertyPath: m_Materials.Array.data[0]
      value: 
      objectReference: {fileID: 2100000, guid: 4877c316b94c3a949ae024a254ea6d6e, type: 2}
    - target: {fileID: 1992632755488242782, guid: 4f559d9abd1579144a40b6b4b9281ee7,
        type: 3}
      propertyPath: m_Name
      value: Wall (2)
      objectReference: {fileID: 0}
    - target: {fileID: 1992632755488242782, guid: 4f559d9abd1579144a40b6b4b9281ee7,
        type: 3}
      propertyPath: m_IsActive
      value: 1
      objectReference: {fileID: 0}
    m_RemovedComponents: []
  m_SourcePrefab: {fileID: 100100000, guid: 4f559d9abd1579144a40b6b4b9281ee7, type: 3}
--- !u!4 &1702081322 stripped
Transform:
  m_CorrespondingSourceObject: {fileID: 1992632755488242778, guid: 4f559d9abd1579144a40b6b4b9281ee7,
    type: 3}
  m_PrefabInstance: {fileID: 1702081321}
  m_PrefabAsset: {fileID: 0}
--- !u!1001 &1806069569
PrefabInstance:
  m_ObjectHideFlags: 0
  serializedVersion: 2
  m_Modification:
    m_TransformParent: {fileID: 959967230}
    m_Modifications:
    - target: {fileID: 5620100080543012297, guid: e75ffcfad74f1d743aa076dc9a406ecc,
        type: 3}
      propertyPath: m_Name
      value: Floor (3)
      objectReference: {fileID: 0}
    - target: {fileID: 5620100080543012299, guid: e75ffcfad74f1d743aa076dc9a406ecc,
        type: 3}
      propertyPath: m_Materials.Array.data[0]
      value: 
      objectReference: {fileID: 2100000, guid: 4877c316b94c3a949ae024a254ea6d6e, type: 2}
    - target: {fileID: 5620100080543012301, guid: e75ffcfad74f1d743aa076dc9a406ecc,
        type: 3}
      propertyPath: m_RootOrder
      value: 5
      objectReference: {fileID: 0}
    - target: {fileID: 5620100080543012301, guid: e75ffcfad74f1d743aa076dc9a406ecc,
        type: 3}
      propertyPath: m_LocalScale.x
      value: 7.8448315
      objectReference: {fileID: 0}
    - target: {fileID: 5620100080543012301, guid: e75ffcfad74f1d743aa076dc9a406ecc,
        type: 3}
      propertyPath: m_LocalScale.y
      value: 0.51387405
      objectReference: {fileID: 0}
    - target: {fileID: 5620100080543012301, guid: e75ffcfad74f1d743aa076dc9a406ecc,
        type: 3}
      propertyPath: m_LocalPosition.x
      value: 53.3836
      objectReference: {fileID: 0}
    - target: {fileID: 5620100080543012301, guid: e75ffcfad74f1d743aa076dc9a406ecc,
        type: 3}
      propertyPath: m_LocalPosition.y
      value: 5.93
      objectReference: {fileID: 0}
    - target: {fileID: 5620100080543012301, guid: e75ffcfad74f1d743aa076dc9a406ecc,
        type: 3}
      propertyPath: m_LocalPosition.z
      value: 0
      objectReference: {fileID: 0}
    - target: {fileID: 5620100080543012301, guid: e75ffcfad74f1d743aa076dc9a406ecc,
        type: 3}
      propertyPath: m_LocalRotation.w
      value: 1
      objectReference: {fileID: 0}
    - target: {fileID: 5620100080543012301, guid: e75ffcfad74f1d743aa076dc9a406ecc,
        type: 3}
      propertyPath: m_LocalRotation.x
      value: -0
      objectReference: {fileID: 0}
    - target: {fileID: 5620100080543012301, guid: e75ffcfad74f1d743aa076dc9a406ecc,
        type: 3}
      propertyPath: m_LocalRotation.y
      value: -0
      objectReference: {fileID: 0}
    - target: {fileID: 5620100080543012301, guid: e75ffcfad74f1d743aa076dc9a406ecc,
        type: 3}
      propertyPath: m_LocalRotation.z
      value: -0
      objectReference: {fileID: 0}
    - target: {fileID: 5620100080543012301, guid: e75ffcfad74f1d743aa076dc9a406ecc,
        type: 3}
      propertyPath: m_LocalEulerAnglesHint.x
      value: 0
      objectReference: {fileID: 0}
    - target: {fileID: 5620100080543012301, guid: e75ffcfad74f1d743aa076dc9a406ecc,
        type: 3}
      propertyPath: m_LocalEulerAnglesHint.y
      value: 0
      objectReference: {fileID: 0}
    - target: {fileID: 5620100080543012301, guid: e75ffcfad74f1d743aa076dc9a406ecc,
        type: 3}
      propertyPath: m_LocalEulerAnglesHint.z
      value: 0
      objectReference: {fileID: 0}
    m_RemovedComponents: []
  m_SourcePrefab: {fileID: 100100000, guid: e75ffcfad74f1d743aa076dc9a406ecc, type: 3}
--- !u!4 &1806069570 stripped
Transform:
  m_CorrespondingSourceObject: {fileID: 5620100080543012301, guid: e75ffcfad74f1d743aa076dc9a406ecc,
    type: 3}
  m_PrefabInstance: {fileID: 1806069569}
  m_PrefabAsset: {fileID: 0}
--- !u!1 &1874441300 stripped
GameObject:
  m_CorrespondingSourceObject: {fileID: 5878599885704667068, guid: 14378868b06d6894a800f0822de518e9,
    type: 3}
  m_PrefabInstance: {fileID: 1219056687}
  m_PrefabAsset: {fileID: 0}
--- !u!65 &1874441305
BoxCollider:
  m_ObjectHideFlags: 0
  m_CorrespondingSourceObject: {fileID: 0}
  m_PrefabInstance: {fileID: 0}
  m_PrefabAsset: {fileID: 0}
  m_GameObject: {fileID: 1874441300}
  m_Material: {fileID: 0}
  m_IsTrigger: 0
  m_Enabled: 1
  serializedVersion: 2
  m_Size: {x: 1, y: 1, z: 1}
  m_Center: {x: 0, y: 0, z: 0}
--- !u!1001 &2051431128
PrefabInstance:
  m_ObjectHideFlags: 0
  serializedVersion: 2
  m_Modification:
    m_TransformParent: {fileID: 1666858265}
    m_Modifications:
    - target: {fileID: 5878599885704667059, guid: 14378868b06d6894a800f0822de518e9,
        type: 3}
      propertyPath: m_RootOrder
      value: 14
      objectReference: {fileID: 0}
    - target: {fileID: 5878599885704667059, guid: 14378868b06d6894a800f0822de518e9,
        type: 3}
      propertyPath: m_LocalScale.y
      value: 2.69955
      objectReference: {fileID: 0}
    - target: {fileID: 5878599885704667059, guid: 14378868b06d6894a800f0822de518e9,
        type: 3}
      propertyPath: m_LocalScale.z
      value: 2
      objectReference: {fileID: 0}
    - target: {fileID: 5878599885704667059, guid: 14378868b06d6894a800f0822de518e9,
        type: 3}
      propertyPath: m_LocalPosition.x
      value: 26.36
      objectReference: {fileID: 0}
    - target: {fileID: 5878599885704667059, guid: 14378868b06d6894a800f0822de518e9,
        type: 3}
      propertyPath: m_LocalPosition.y
      value: 1.867
      objectReference: {fileID: 0}
    - target: {fileID: 5878599885704667059, guid: 14378868b06d6894a800f0822de518e9,
        type: 3}
      propertyPath: m_LocalPosition.z
      value: 0
      objectReference: {fileID: 0}
    - target: {fileID: 5878599885704667059, guid: 14378868b06d6894a800f0822de518e9,
        type: 3}
      propertyPath: m_LocalRotation.w
      value: 1
      objectReference: {fileID: 0}
    - target: {fileID: 5878599885704667059, guid: 14378868b06d6894a800f0822de518e9,
        type: 3}
      propertyPath: m_LocalRotation.x
      value: -0
      objectReference: {fileID: 0}
    - target: {fileID: 5878599885704667059, guid: 14378868b06d6894a800f0822de518e9,
        type: 3}
      propertyPath: m_LocalRotation.y
      value: -0
      objectReference: {fileID: 0}
    - target: {fileID: 5878599885704667059, guid: 14378868b06d6894a800f0822de518e9,
        type: 3}
      propertyPath: m_LocalRotation.z
      value: -0
      objectReference: {fileID: 0}
    - target: {fileID: 5878599885704667059, guid: 14378868b06d6894a800f0822de518e9,
        type: 3}
      propertyPath: m_LocalEulerAnglesHint.x
      value: 0
      objectReference: {fileID: 0}
    - target: {fileID: 5878599885704667059, guid: 14378868b06d6894a800f0822de518e9,
        type: 3}
      propertyPath: m_LocalEulerAnglesHint.y
      value: 0
      objectReference: {fileID: 0}
    - target: {fileID: 5878599885704667059, guid: 14378868b06d6894a800f0822de518e9,
        type: 3}
      propertyPath: m_LocalEulerAnglesHint.z
      value: 0
      objectReference: {fileID: 0}
    - target: {fileID: 5878599885704667068, guid: 14378868b06d6894a800f0822de518e9,
        type: 3}
      propertyPath: m_Name
      value: Obstacle (4)
      objectReference: {fileID: 0}
    m_RemovedComponents: []
  m_SourcePrefab: {fileID: 100100000, guid: 14378868b06d6894a800f0822de518e9, type: 3}
--- !u!4 &2051431129 stripped
Transform:
  m_CorrespondingSourceObject: {fileID: 5878599885704667059, guid: 14378868b06d6894a800f0822de518e9,
    type: 3}
  m_PrefabInstance: {fileID: 2051431128}
  m_PrefabAsset: {fileID: 0}
--- !u!1001 &2062538398
PrefabInstance:
  m_ObjectHideFlags: 0
  serializedVersion: 2
  m_Modification:
    m_TransformParent: {fileID: 959967230}
    m_Modifications:
    - target: {fileID: 1992632755488242778, guid: 4f559d9abd1579144a40b6b4b9281ee7,
        type: 3}
      propertyPath: m_RootOrder
      value: 4
      objectReference: {fileID: 0}
    - target: {fileID: 1992632755488242778, guid: 4f559d9abd1579144a40b6b4b9281ee7,
        type: 3}
      propertyPath: m_LocalScale.y
      value: 1.4940872
      objectReference: {fileID: 0}
    - target: {fileID: 1992632755488242778, guid: 4f559d9abd1579144a40b6b4b9281ee7,
        type: 3}
      propertyPath: m_LocalPosition.x
      value: 49.1919
      objectReference: {fileID: 0}
    - target: {fileID: 1992632755488242778, guid: 4f559d9abd1579144a40b6b4b9281ee7,
        type: 3}
      propertyPath: m_LocalPosition.y
      value: 1.22667
      objectReference: {fileID: 0}
    - target: {fileID: 1992632755488242778, guid: 4f559d9abd1579144a40b6b4b9281ee7,
        type: 3}
      propertyPath: m_LocalPosition.z
      value: 0
      objectReference: {fileID: 0}
    - target: {fileID: 1992632755488242778, guid: 4f559d9abd1579144a40b6b4b9281ee7,
        type: 3}
      propertyPath: m_LocalRotation.w
      value: 1
      objectReference: {fileID: 0}
    - target: {fileID: 1992632755488242778, guid: 4f559d9abd1579144a40b6b4b9281ee7,
        type: 3}
      propertyPath: m_LocalRotation.x
      value: -0
      objectReference: {fileID: 0}
    - target: {fileID: 1992632755488242778, guid: 4f559d9abd1579144a40b6b4b9281ee7,
        type: 3}
      propertyPath: m_LocalRotation.y
      value: -0
      objectReference: {fileID: 0}
    - target: {fileID: 1992632755488242778, guid: 4f559d9abd1579144a40b6b4b9281ee7,
        type: 3}
      propertyPath: m_LocalRotation.z
      value: -0
      objectReference: {fileID: 0}
    - target: {fileID: 1992632755488242778, guid: 4f559d9abd1579144a40b6b4b9281ee7,
        type: 3}
      propertyPath: m_LocalEulerAnglesHint.x
      value: 0
      objectReference: {fileID: 0}
    - target: {fileID: 1992632755488242778, guid: 4f559d9abd1579144a40b6b4b9281ee7,
        type: 3}
      propertyPath: m_LocalEulerAnglesHint.y
      value: 0
      objectReference: {fileID: 0}
    - target: {fileID: 1992632755488242778, guid: 4f559d9abd1579144a40b6b4b9281ee7,
        type: 3}
      propertyPath: m_LocalEulerAnglesHint.z
      value: 0
      objectReference: {fileID: 0}
    - target: {fileID: 1992632755488242780, guid: 4f559d9abd1579144a40b6b4b9281ee7,
        type: 3}
      propertyPath: m_Materials.Array.data[0]
      value: 
      objectReference: {fileID: 2100000, guid: 4877c316b94c3a949ae024a254ea6d6e, type: 2}
    - target: {fileID: 1992632755488242782, guid: 4f559d9abd1579144a40b6b4b9281ee7,
        type: 3}
      propertyPath: m_Name
      value: Wall (3)
      objectReference: {fileID: 0}
    - target: {fileID: 1992632755488242782, guid: 4f559d9abd1579144a40b6b4b9281ee7,
        type: 3}
      propertyPath: m_IsActive
      value: 1
      objectReference: {fileID: 0}
    m_RemovedComponents: []
  m_SourcePrefab: {fileID: 100100000, guid: 4f559d9abd1579144a40b6b4b9281ee7, type: 3}
--- !u!4 &2062538399 stripped
Transform:
  m_CorrespondingSourceObject: {fileID: 1992632755488242778, guid: 4f559d9abd1579144a40b6b4b9281ee7,
    type: 3}
  m_PrefabInstance: {fileID: 2062538398}
  m_PrefabAsset: {fileID: 0}
--- !u!1001 &7632347082726974372
PrefabInstance:
  m_ObjectHideFlags: 0
  serializedVersion: 2
  m_Modification:
    m_TransformParent: {fileID: 1666858265}
    m_Modifications:
    - target: {fileID: 3937836516165855248, guid: dc880dcb5e8c77a4c84016d44131a0c4,
        type: 3}
      propertyPath: m_Name
      value: Trampoline2
      objectReference: {fileID: 0}
    - target: {fileID: 3937836516165855253, guid: dc880dcb5e8c77a4c84016d44131a0c4,
        type: 3}
      propertyPath: m_RootOrder
      value: 2
      objectReference: {fileID: 0}
    - target: {fileID: 3937836516165855253, guid: dc880dcb5e8c77a4c84016d44131a0c4,
        type: 3}
      propertyPath: m_LocalPosition.x
      value: 0.17000008
      objectReference: {fileID: 0}
    - target: {fileID: 3937836516165855253, guid: dc880dcb5e8c77a4c84016d44131a0c4,
        type: 3}
      propertyPath: m_LocalPosition.y
      value: 1.1599998
      objectReference: {fileID: 0}
    - target: {fileID: 3937836516165855253, guid: dc880dcb5e8c77a4c84016d44131a0c4,
        type: 3}
      propertyPath: m_LocalPosition.z
      value: 0.011474609
      objectReference: {fileID: 0}
    - target: {fileID: 3937836516165855253, guid: dc880dcb5e8c77a4c84016d44131a0c4,
        type: 3}
      propertyPath: m_LocalRotation.w
      value: 1
      objectReference: {fileID: 0}
    - target: {fileID: 3937836516165855253, guid: dc880dcb5e8c77a4c84016d44131a0c4,
        type: 3}
      propertyPath: m_LocalRotation.x
      value: -0
      objectReference: {fileID: 0}
    - target: {fileID: 3937836516165855253, guid: dc880dcb5e8c77a4c84016d44131a0c4,
        type: 3}
      propertyPath: m_LocalRotation.y
      value: -0
      objectReference: {fileID: 0}
    - target: {fileID: 3937836516165855253, guid: dc880dcb5e8c77a4c84016d44131a0c4,
        type: 3}
      propertyPath: m_LocalRotation.z
      value: -0
      objectReference: {fileID: 0}
    - target: {fileID: 3937836516165855253, guid: dc880dcb5e8c77a4c84016d44131a0c4,
        type: 3}
      propertyPath: m_LocalEulerAnglesHint.x
      value: 0
      objectReference: {fileID: 0}
    - target: {fileID: 3937836516165855253, guid: dc880dcb5e8c77a4c84016d44131a0c4,
        type: 3}
      propertyPath: m_LocalEulerAnglesHint.y
      value: 0
      objectReference: {fileID: 0}
    - target: {fileID: 3937836516165855253, guid: dc880dcb5e8c77a4c84016d44131a0c4,
        type: 3}
      propertyPath: m_LocalEulerAnglesHint.z
      value: 0
      objectReference: {fileID: 0}
    m_RemovedComponents: []
  m_SourcePrefab: {fileID: 100100000, guid: dc880dcb5e8c77a4c84016d44131a0c4, type: 3}
--- !u!4 &7632347082726974373 stripped
Transform:
  m_CorrespondingSourceObject: {fileID: 3937836516165855253, guid: dc880dcb5e8c77a4c84016d44131a0c4,
    type: 3}
  m_PrefabInstance: {fileID: 7632347082726974372}
  m_PrefabAsset: {fileID: 0}
